<?xml version="1.0" encoding="UTF-8"?>
<!DOCTYPE html PUBLIC "-//W3C//DTD XHTML 1.0 Transitional//EN"
    "http://www.w3.org/TR/xhtml1/DTD/xhtml1-transitional.dtd">
<html xmlns="http://www.w3.org/1999/xhtml" xml:lang="en" lang="en">
 <head>
  <title>
</title>
<meta http-equiv="Content-Type" content="text/html;charset=utf-8" />
  <meta name='ocr-system' content='tesseract 3.04.00' />
  <meta name='ocr-capabilities' content='ocr_page ocr_carea ocr_par ocr_line ocrx_word'/>
</head>
<body>
  <div class='ocr_page' id='page_1' title='image "4775051_0015.png"; bbox 0 0 2824 3489; ppageno 0'>
   <div class='ocr_carea' id='block_1_1' title="bbox 1241 87 1533 138">
    <p class='ocr_par' dir='ltr' id='par_1_1' title="bbox 1241 87 1533 138">
     <span class='ocr_line' id='line_1_1' title="bbox 1241 87 1533 138; baseline -0.003 -14"><span class='ocrx_word' id='word_1_1' title='bbox 1241 87 1533 138; x_wconf 49' lang='lat'><strong>*23*</strong></span> 
     </span>
    </p>
   </div>
   <div class='ocr_carea' id='block_1_2' title="bbox 195 174 2548 2705">
    <p class='ocr_par' dir='ltr' id='par_1_2' title="bbox 195 174 2548 2705">
     <span class='ocr_line' id='line_1_2' title="bbox 1786 174 1815 200; baseline 0 0"><span class='ocrx_word' id='word_1_2' title='bbox 1786 174 1815 200; x_wconf 69' lang='lat'>0</span> 
     </span>
     <span class='ocr_line' id='line_1_3' title="bbox 198 206 2548 290; baseline 0.002 -24"><span class='ocrx_word' id='word_1_3' title='bbox 198 217 472 284; x_wconf 74' lang='grc' dir='ltr'><strong><em>εὐπραγίαν</em></strong></span> <span class='ocrx_word' id='word_1_4' title='bbox 507 255 520 266; x_wconf 90' lang='grc'><strong>.</strong></span> <span class='ocrx_word' id='word_1_5' title='bbox 559 252 571 265; x_wconf 93' lang='grc'><strong>.</strong></span> <span class='ocrx_word' id='word_1_6' title='bbox 611 250 625 265; x_wconf 84' lang='grc'><strong>.</strong></span> <span class='ocrx_word' id='word_1_7' title='bbox 660 251 673 266; x_wconf 93' lang='grc'><strong>.</strong></span> <span class='ocrx_word' id='word_1_8' title='bbox 711 213 800 266; x_wconf 76' lang='grc' dir='ltr'><strong>καὶ</strong></span> <span class='ocrx_word' id='word_1_9' title='bbox 832 216 1019 284; x_wconf 75' lang='grc' dir='ltr'><strong>πράξει.</strong></span> <span class='ocrx_word' id='word_1_10' title='bbox 1089 214 1259 282; x_wconf 71' lang='lat' dir='ltr'><strong>Atque</strong></span> <span class='ocrx_word' id='word_1_11' title='bbox 1292 215 1432 269; x_wconf 78' lang='lat' dir='ltr'><strong>hauc·</strong></span> <span class='ocrx_word' id='word_1_12' title='bbox 1453 212 1519 270; x_wconf 76' lang='lat' dir='ltr'><strong>ob</strong></span> <span class='ocrx_word' id='word_1_13' title='bbox 1552 206 2116 271; x_wconf 46' lang='lat' dir='ltr'><strong>escun-Platowidem</strong></span> <span class='ocrx_word' id='word_1_14' title='bbox 2146 214 2345 282; x_wconf 45' lang='lat' dir='ltr'><strong>stabis«</strong></span> <span class='ocrx_word' id='word_1_15' title='bbox 2369 213 2548 290; x_wconf 57' lang='grc' dir='ltr'><strong>νίψω*-</strong></span> 
     </span>
     <span class='ocr_line' id='line_1_4' title="bbox 195 291 2548 366; baseline 0.002 -16"><span class='ocrx_word' id='word_1_16' title='bbox 195 306 300 350; x_wconf 83' lang='lat' dir='ltr'><strong>tem</strong></span> <span class='ocrx_word' id='word_1_17' title='bbox 323 291 539 350; x_wconf 75' lang='lat' dir='ltr'><strong>‘edoceri</strong></span> <span class='ocrx_word' id='word_1_18' title='bbox 573 315 752 366; x_wconf 79' lang='lat' dir='ltr'><strong>posse;</strong></span> <span class='ocrx_word' id='word_1_19' title='bbox 786 296 879 349; x_wconf 86' lang='lat' dir='ltr'><strong>sed</strong></span> <span class='ocrx_word' id='word_1_20' title='bbox 911 312 1152 348; x_wconf 80' lang='lat' dir='ltr'><strong>memores</strong></span> <span class='ocrx_word' id='word_1_21' title='bbox 1176 298 1350 360; x_wconf 76' lang='lat' dir='ltr'><strong>simus,</strong></span> <span class='ocrx_word' id='word_1_22' title='bbox 1382 295 1790 363; x_wconf 76' lang='lat' dir='ltr'><strong>quemadmodum·</strong></span> <span class='ocrx_word' id='word_1_23' title='bbox 1824 311 1923 359; x_wconf 66' lang='lat' dir='ltr'><strong>nos</strong></span> <span class='ocrx_word' id='word_1_24' title='bbox 1944 294 2548 363; x_wconf 53' lang='lat' dir='ltr'><strong>:docti-insimbufl’lsto</strong></span> 
     </span>
     <span class='ocr_line' id='line_1_5' title="bbox 197 372 2546 441; baseline 0.001 -12"><span class='ocrx_word' id='word_1_25' title='bbox 197 380 355 429; x_wconf 82' lang='lat' dir='ltr'><strong>dicat:</strong></span> <span class='ocrx_word' id='word_1_26' title='bbox 389 383 539 426; x_wconf 81' lang='grc' dir='ltr'><strong><em>πᾶσα</em></strong></span> <span class='ocrx_word' id='word_1_27' title='bbox 577 381 702 428; x_wconf 88' lang='lat' dir='ltr'><strong>enim</strong></span> <span class='ocrx_word' id='word_1_28' title='bbox 730 379 955 441; x_wconf 59' lang='grc' dir='ltr'><strong>μάθησις</strong></span> <span class='ocrx_word' id='word_1_29' title='bbox 989 372 1189 427; x_wconf 87' lang='lat' dir='ltr'><strong>Platoni</strong></span> <span class='ocrx_word' id='word_1_30' title='bbox 1221 382 1301 428; x_wconf 78' lang='lat' dir='ltr'><strong>est</strong></span> <span class='ocrx_word' id='word_1_31' title='bbox 1335 376 1620 441; x_wconf 73' lang='grc' dir='ltr'><strong>ἀνάμνησις,</strong></span> <span class='ocrx_word' id='word_1_32' title='bbox 1654 380 1733 430; x_wconf 72' lang='lat' dir='ltr'><strong>ita,</strong></span> <span class='ocrx_word' id='word_1_33' title='bbox 1752 384 1807 431; x_wconf 81' lang='lat' dir='ltr'><strong>ut</strong></span> <span class='ocrx_word' id='word_1_34' title='bbox 1839 378 2021 439; x_wconf 71' lang='lat' dir='ltr'><strong>homini</strong></span> <span class='ocrx_word' id='word_1_35' title='bbox 2049 378 2546 432; x_wconf 38' lang='lat' dir='ltr'><strong>&#39;discenti-idea-c‘bo·</strong></span> 
     </span>
     <span class='ocr_line' id='line_1_6' title="bbox 197 459 2547 526; baseline 0.001 -17"><span class='ocrx_word' id='word_1_36' title='bbox 197 463 263 520; x_wconf 88' lang='lat' dir='ltr'><strong>ni,</strong></span> <span class='ocrx_word' id='word_1_37' title='bbox 298 476 424 525; x_wconf 87' lang='lat' dir='ltr'><strong>quae</strong></span> <span class='ocrx_word' id='word_1_38' title='bbox 454 462 503 508; x_wconf 91' lang='lat' dir='ltr'><strong>in</strong></span> <span class='ocrx_word' id='word_1_39' title='bbox 540 475 604 510; x_wconf 91' lang='lat' dir='ltr'><strong>eo</strong></span> <span class='ocrx_word' id='word_1_40' title='bbox 638 460 701 509; x_wconf 85' lang='lat' dir='ltr'><strong>ab</strong></span> <span class='ocrx_word' id='word_1_41' title='bbox 737 462 877 509; x_wconf 88' lang='lat' dir='ltr'><strong>initio</strong></span> <span class='ocrx_word' id='word_1_42' title='bbox 910 462 1041 521; x_wconf 84' lang='lat' dir='ltr'><strong>insit,</strong></span> <span class='ocrx_word' id='word_1_43' title='bbox 1078 460 1308 509; x_wconf 88' lang='lat' dir='ltr'><strong>doctrina</strong></span> <span class='ocrx_word' id='word_1_44' title='bbox 1336 464 1574 524; x_wconf 69' lang='lat' dir='ltr'><strong>tanquam</strong></span> <span class='ocrx_word' id='word_1_45' title='bbox 1592 463 1939 513; x_wconf 54' lang='lat' dir='ltr'><strong>resuscitetur,</strong></span> <span class='ocrx_word' id='word_1_46' title='bbox 1993 459 2169 526; x_wconf 65' lang='lat' dir='ltr'><strong>⁴Atque</strong></span> <span class='ocrx_word' id='word_1_47' title='bbox 2206 460 2310 511; x_wconf 64' lang='lat' dir='ltr'><strong>&gt;hac</strong></span> <span class='ocrx_word' id='word_1_48' title='bbox 2337 460 2547 511; x_wconf 70' lang='lat' dir='ltr'><strong>ratione</strong></span> 
     </span>
     <span class='ocr_line' id='line_1_7' title="bbox 198 529 2545 607; baseline 0.001 -19"><span class='ocrx_word' id='word_1_49' title='bbox 198 540 346 599; x_wconf 87' lang='lat' dir='ltr'><strong>illam,</strong></span> <span class='ocrx_word' id='word_1_50' title='bbox 381 555 507 604; x_wconf 85' lang='lat' dir='ltr'><strong>quae</strong></span> <span class='ocrx_word' id='word_1_51' title='bbox 542 548 596 590; x_wconf 92' lang='lat' dir='ltr'><strong>et</strong></span> <span class='ocrx_word' id='word_1_52' title='bbox 629 543 680 589; x_wconf 90' lang='lat' dir='ltr'><strong>in</strong></span> <span class='ocrx_word' id='word_1_53' title='bbox 712 529 997 606; x_wconf 71' lang='lat' dir='ltr'><strong>Protagora</strong></span> <span class='ocrx_word' id='word_1_54' title='bbox 1031 546 1082 590; x_wconf 94' lang='lat' dir='ltr'><strong>et</strong></span> <span class='ocrx_word' id='word_1_55' title='bbox 1110 543 1161 589; x_wconf 89' lang='lat' dir='ltr'><strong>in</strong></span> <span class='ocrx_word' id='word_1_56' title='bbox 1195 536 1412 591; x_wconf 83' lang='lat' dir='ltr'><strong>Menone</strong></span> <span class='ocrx_word' id='word_1_57' title='bbox 1443 542 1705 605; x_wconf 77' lang='lat' dir='ltr'><strong>proposita</strong></span> <span class='ocrx_word' id='word_1_58' title='bbox 1730 546 1831 603; x_wconf 76' lang='lat' dir='ltr'><strong>est,</strong></span> <span class='ocrx_word' id='word_1_59' title='bbox 1850 580 1855 584; x_wconf 80' lang='grc'><em>.</em></span> <span class='ocrx_word' id='word_1_60' title='bbox 1875 538 2240 607; x_wconf 77' lang='lat' dir='ltr'><strong>quaestionem,</strong></span> <span class='ocrx_word' id='word_1_61' title='bbox 2281 548 2392 589; x_wconf 85' lang='lat' dir='ltr'><strong>num</strong></span> <span class='ocrx_word' id='word_1_62' title='bbox 2429 541 2545 590; x_wconf 79' lang='lat' dir='ltr'><strong>vir·-</strong></span> 
     </span>
     <span class='ocr_line' id='line_1_8' title="bbox 199 618 2545 687; baseline -0 -17"><span class='ocrx_word' id='word_1_63' title='bbox 199 627 278 670; x_wconf 88' lang='lat' dir='ltr'><strong>tus</strong></span> <span class='ocrx_word' id='word_1_64' title='bbox 314 620 444 671; x_wconf 89' lang='lat' dir='ltr'><strong>disci</strong></span> <span class='ocrx_word' id='word_1_65' title='bbox 479 623 659 687; x_wconf 79' lang='lat' dir='ltr'><strong>possit,</strong></span> <span class='ocrx_word' id='word_1_66' title='bbox 705 620 955 670; x_wconf 82' lang='lat' dir='ltr'><strong>diremtam</strong></span> <span class='ocrx_word' id='word_1_67' title='bbox 991 634 1105 670; x_wconf 85' lang='lat' dir='ltr'><strong>esse</strong></span> <span class='ocrx_word' id='word_1_68' title='bbox 1154 632 1468 680; x_wconf 75' lang='lat' dir='ltr'><strong>censeamus,</strong></span> <span class='ocrx_word' id='word_1_69' title='bbox 1518 626 1798 685; x_wconf 72' lang='lat' dir='ltr'><strong>quamquam</strong></span> <span class='ocrx_word' id='word_1_70' title='bbox 1831 620 1882 670; x_wconf 82' lang='lat' dir='ltr'><strong>in</strong></span> <span class='ocrx_word' id='word_1_71' title='bbox 1913 626 2121 687; x_wconf 85' lang='lat' dir='ltr'><strong>utroque</strong></span> <span class='ocrx_word' id='word_1_72' title='bbox 2152 620 2360 687; x_wconf 73' lang='lat' dir='ltr'><strong>dialogo</strong></span> <span class='ocrx_word' id='word_1_73' title='bbox 2393 618 2545 669; x_wconf 80' lang='lat' dir='ltr'><strong>Plato</strong></span> 
     </span>
     <span class='ocr_line' id='line_1_9' title="bbox 198 698 2542 767; baseline 0 -18"><span class='ocrx_word' id='word_1_74' title='bbox 198 705 307 767; x_wconf 89' lang='lat' dir='ltr'><strong>ipse</strong></span> <span class='ocrx_word' id='word_1_75' title='bbox 342 701 486 750; x_wconf 90' lang='lat' dir='ltr'><strong>nobis</strong></span> <span class='ocrx_word' id='word_1_76' title='bbox 520 715 623 751; x_wconf 87' lang='lat' dir='ltr'><strong>rem</strong></span> <span class='ocrx_word' id='word_1_77' title='bbox 658 701 821 751; x_wconf 85' lang='lat' dir='ltr'><strong>obiter</strong></span> <span class='ocrx_word' id='word_1_78' title='bbox 854 698 1283 748; x_wconf 69' lang='lat' dir='ltr'><strong>considerantibus</strong></span> <span class='ocrx_word' id='word_1_79' title='bbox 1316 701 1444 749; x_wconf 89' lang='lat' dir='ltr'><strong>idem</strong></span> <span class='ocrx_word' id='word_1_80' title='bbox 1475 699 1572 750; x_wconf 87' lang='lat' dir='ltr'><strong>hoc</strong></span> <span class='ocrx_word' id='word_1_81' title='bbox 1605 705 1799 767; x_wconf 68' lang='lat' dir='ltr'><strong>negare</strong></span> <span class='ocrx_word' id='word_1_82' title='bbox 1829 701 2074 752; x_wconf 74' lang='lat' dir='ltr'><strong>videatur.</strong></span> <span class='ocrx_word' id='word_1_83' title='bbox 2141 700 2275 755; x_wconf 80' lang='lat' dir='ltr'><strong>Nam</strong></span> <span class='ocrx_word' id='word_1_84' title='bbox 2324 703 2375 753; x_wconf 78' lang='lat' dir='ltr'><strong>in</strong></span> <span class='ocrx_word' id='word_1_85' title='bbox 2407 699 2542 751; x_wconf 80' lang='lat' dir='ltr'><strong>Pro-</strong></span> 
     </span>
     <span class='ocr_line' id='line_1_10' title="bbox 199 779 2543 846; baseline 0.001 -18"><span class='ocrx_word' id='word_1_86' title='bbox 199 786 377 846; x_wconf 86' lang='lat' dir='ltr'><strong>tagora</strong></span> <span class='ocrx_word' id='word_1_87' title='bbox 410 779 657 829; x_wconf 79' lang='lat' dir='ltr'><strong>Socrates</strong></span> <span class='ocrx_word' id='word_1_88' title='bbox 689 785 864 829; x_wconf 88' lang='lat' dir='ltr'><strong>contra</strong></span> <span class='ocrx_word' id='word_1_89' title='bbox 889 780 1216 845; x_wconf 71' lang='lat' dir='ltr'><strong>Protagoram</strong></span> <span class='ocrx_word' id='word_1_90' title='bbox 1251 780 1469 845; x_wconf 83' lang='lat' dir='ltr'><strong>disputat</strong></span> <span class='ocrx_word' id='word_1_91' title='bbox 1505 780 1820 846; x_wconf 79' lang='lat' dir='ltr'><strong>profitentem</strong></span> <span class='ocrx_word' id='word_1_92' title='bbox 1853 795 1912 831; x_wconf 80' lang='lat' dir='ltr'><strong>se</strong></span> <span class='ocrx_word' id='word_1_93' title='bbox 1936 784 2164 832; x_wconf 83' lang='lat' dir='ltr'><strong>virtutem</strong></span> <span class='ocrx_word' id='word_1_94' title='bbox 2181 779 2428 843; x_wconf 85' lang='lat' dir='ltr'><strong>edocere,</strong></span> <span class='ocrx_word' id='word_1_95' title='bbox 2460 779 2543 831; x_wconf 86' lang='lat' dir='ltr'><strong>id-</strong></span> 
     </span>
     <span class='ocr_line' id='line_1_11' title="bbox 199 854 2544 928; baseline 0.001 -19"><span class='ocrx_word' id='word_1_96' title='bbox 199 875 295 926; x_wconf 87' lang='lat' dir='ltr'><strong>que</strong></span> <span class='ocrx_word' id='word_1_97' title='bbox 345 861 453 910; x_wconf 86' lang='lat' dir='ltr'><strong>fieri</strong></span> <span class='ocrx_word' id='word_1_98' title='bbox 499 875 598 909; x_wconf 90' lang='lat' dir='ltr'><strong>non</strong></span> <span class='ocrx_word' id='word_1_99' title='bbox 631 874 782 926; x_wconf 87' lang='lat' dir='ltr'><strong>posse</strong></span> <span class='ocrx_word' id='word_1_100' title='bbox 826 863 980 911; x_wconf 84' lang='lat' dir='ltr'><strong>variis</strong></span> <span class='ocrx_word' id='word_1_101' title='bbox 1031 863 1330 927; x_wconf 80' lang='lat' dir='ltr'><strong>argumentis</strong></span> <span class='ocrx_word' id='word_1_102' title='bbox 1365 860 1699 911; x_wconf 84' lang='lat' dir='ltr'><strong>demonstrare</strong></span> <span class='ocrx_word' id='word_1_103' title='bbox 1734 866 1959 924; x_wconf 81' lang='lat' dir='ltr'><strong>conatur,</strong></span> <span class='ocrx_word' id='word_1_104' title='bbox 1998 854 2069 911; x_wconf 79' lang='lat' dir='ltr'><strong>cf.</strong></span> <span class='ocrx_word' id='word_1_105' title='bbox 2102 859 2311 928; x_wconf 76' lang='lat' dir='ltr'><strong>Protag.</strong></span> <span class='ocrx_word' id='word_1_106' title='bbox 2345 876 2412 927; x_wconf 81' lang='lat' dir='ltr'><strong>p..</strong></span> <span class='ocrx_word' id='word_1_107' title='bbox 2427 857 2544 911; x_wconf 70' lang='lat'><strong>319.</strong></span> 
     </span>
     <span class='ocr_line' id='line_1_12' title="bbox 200 939 2542 1005; baseline 0.001 -16"><span class='ocrx_word' id='word_1_108' title='bbox 200 940 313 989; x_wconf 83' lang='lat' dir='ltr'><strong>Sed</strong></span> <span class='ocrx_word' id='word_1_109' title='bbox 346 940 443 990; x_wconf 86' lang='lat' dir='ltr'><strong>hoc</strong></span> <span class='ocrx_word' id='word_1_110' title='bbox 477 940 740 989; x_wconf 84' lang='lat' dir='ltr'><strong>tenendum</strong></span> <span class='ocrx_word' id='word_1_111' title='bbox 775 946 869 1001; x_wconf 83' lang='lat' dir='ltr'><strong>est,</strong></span> <span class='ocrx_word' id='word_1_112' title='bbox 900 943 1131 989; x_wconf 81' lang='lat' dir='ltr'><strong>virtutem</strong></span> <span class='ocrx_word' id='word_1_113' title='bbox 1164 940 1477 1005; x_wconf 82' lang='lat' dir='ltr'><strong>Protagorae</strong></span> <span class='ocrx_word' id='word_1_114' title='bbox 1511 956 1610 989; x_wconf 89' lang='lat' dir='ltr'><strong>non</strong></span> <span class='ocrx_word' id='word_1_115' title='bbox 1633 957 1749 990; x_wconf 86' lang='lat' dir='ltr'><strong>esse</strong></span> <span class='ocrx_word' id='word_1_116' title='bbox 1777 944 2008 991; x_wconf 86' lang='lat' dir='ltr'><strong>virtutem</strong></span> <span class='ocrx_word' id='word_1_117' title='bbox 2031 941 2354 992; x_wconf 73' lang='lat' dir='ltr'><strong>Platonicam.</strong></span> <span class='ocrx_word' id='word_1_118' title='bbox 2404 939 2542 991; x_wconf 76' lang='lat' dir='ltr'><strong>Pro-</strong></span> 
     </span>
     <span class='ocr_line' id='line_1_13' title="bbox 197 1009 2536 1086; baseline 0.002 -17"><span class='ocrx_word' id='word_1_119' title='bbox 197 1024 402 1086; x_wconf 80' lang='lat' dir='ltr'><strong>tagoras</strong></span> <span class='ocrx_word' id='word_1_120' title='bbox 436 1025 622 1069; x_wconf 87' lang='lat' dir='ltr'><strong>tantum</strong></span> <span class='ocrx_word' id='word_1_121' title='bbox 659 1020 802 1070; x_wconf 87' lang='lat' dir='ltr'><strong>abest</strong></span> <span class='ocrx_word' id='word_1_122' title='bbox 833 1026 889 1069; x_wconf 88' lang='lat' dir='ltr'><strong>ut</strong></span> <span class='ocrx_word' id='word_1_123' title='bbox 920 1023 1118 1070; x_wconf 80' lang='lat' dir='ltr'><strong>virtutis</strong></span> <span class='ocrx_word' id='word_1_124' title='bbox 1144 1025 1363 1069; x_wconf 86' lang='lat' dir='ltr'><strong>naturam</strong></span> <span class='ocrx_word' id='word_1_125' title='bbox 1395 1009 1520 1070; x_wconf 84' lang='lat' dir='ltr'><strong>vere</strong></span> <span class='ocrx_word' id='word_1_126' title='bbox 1552 1023 1887 1086; x_wconf 76' lang='lat' dir='ltr'><strong>perspexerit,</strong></span> <span class='ocrx_word' id='word_1_127' title='bbox 1919 1026 1973 1071; x_wconf 91' lang='lat' dir='ltr'><strong>nt</strong></span> <span class='ocrx_word' id='word_1_128' title='bbox 1996 1017 2336 1072; x_wconf 76' lang='lat' dir='ltr'><strong>fortitudinem</strong></span> <span class='ocrx_word' id='word_1_129' title='bbox 2368 1022 2536 1074; x_wconf 80' lang='lat' dir='ltr'><strong>inesse</strong></span> 
     </span>
     <span class='ocr_line' id='line_1_14' title="bbox 205 1098 2543 1169; baseline 0.001 -19"><span class='ocrx_word' id='word_1_130' title='bbox 205 1100 341 1150; x_wconf 88' lang='lat' dir='ltr'><strong>dicat</strong></span> <span class='ocrx_word' id='word_1_131' title='bbox 376 1104 426 1149; x_wconf 91' lang='lat' dir='ltr'><strong>in</strong></span> <span class='ocrx_word' id='word_1_132' title='bbox 459 1104 521 1150; x_wconf 89' lang='lat' dir='ltr'><strong>iis</strong></span> <span class='ocrx_word' id='word_1_133' title='bbox 554 1104 861 1168; x_wconf 78' lang='lat' dir='ltr'><strong>saepissime,</strong></span> <span class='ocrx_word' id='word_1_134' title='bbox 895 1104 975 1165; x_wconf 88' lang='lat' dir='ltr'><strong>qui</strong></span> <span class='ocrx_word' id='word_1_135' title='bbox 1008 1102 1312 1165; x_wconf 81' lang='lat' dir='ltr'><strong>injustissimi</strong></span> <span class='ocrx_word' id='word_1_136' title='bbox 1361 1102 1461 1149; x_wconf 84' lang='lat' dir='ltr'><strong>sint</strong></span> <span class='ocrx_word' id='word_1_137' title='bbox 1495 1106 1548 1150; x_wconf 91' lang='lat' dir='ltr'><strong>et</strong></span> <span class='ocrx_word' id='word_1_138' title='bbox 1578 1104 1789 1163; x_wconf 85' lang='lat' dir='ltr'><strong>maxime</strong></span> <span class='ocrx_word' id='word_1_139' title='bbox 1822 1105 1957 1168; x_wconf 75' lang='lat' dir='ltr'><strong>irnpii</strong></span> <span class='ocrx_word' id='word_1_140' title='bbox 1988 1109 2041 1153; x_wconf 89' lang='lat' dir='ltr'><strong>et</strong></span> <span class='ocrx_word' id='word_1_141' title='bbox 2072 1098 2543 1169; x_wconf 68' lang='lat' dir='ltr'><strong>intemperantissimi</strong></span> 
     </span>
     <span class='ocr_line' id='line_1_15' title="bbox 195 1178 2545 1250; baseline 0 -20"><span class='ocrx_word' id='word_1_142' title='bbox 195 1187 247 1230; x_wconf 89' lang='lat' dir='ltr'><strong>et</strong></span> <span class='ocrx_word' id='word_1_143' title='bbox 281 1182 734 1247; x_wconf 81' lang='lat' dir='ltr'><strong>imprudentissimi,</strong></span> <span class='ocrx_word' id='word_1_144' title='bbox 787 1183 852 1234; x_wconf 84' lang='lat' dir='ltr'><strong>cf.</strong></span> <span class='ocrx_word' id='word_1_145' title='bbox 888 1182 1094 1248; x_wconf 84' lang='lat' dir='ltr'><strong>Protag.</strong></span> <span class='ocrx_word' id='word_1_146' title='bbox 1130 1200 1181 1248; x_wconf 88' lang='lat' dir='ltr'><strong>p.</strong></span> <span class='ocrx_word' id='word_1_147' title='bbox 1218 1182 1344 1232; x_wconf 74' lang='lat'><strong>349:</strong></span> <span class='ocrx_word' id='word_1_148' title='bbox 1379 1182 1598 1249; x_wconf 74' lang='grc' dir='ltr'><strong><em>εὑρήσεις</em></strong></span> <span class='ocrx_word' id='word_1_149' title='bbox 1629 1185 1724 1250; x_wconf 81' lang='grc' dir='ltr'><strong>γὰρ</strong></span> <span class='ocrx_word' id='word_1_150' title='bbox 1762 1184 1982 1240; x_wconf 82' lang='grc' dir='ltr'><strong><em>πολλοὺς</em></strong></span> <span class='ocrx_word' id='word_1_151' title='bbox 2013 1216 2028 1233; x_wconf 88' lang='grc'><strong>.</strong></span> <span class='ocrx_word' id='word_1_152' title='bbox 2063 1218 2078 1235; x_wconf 92' lang='grc'><strong>.</strong></span> <span class='ocrx_word' id='word_1_153' title='bbox 2113 1218 2125 1231; x_wconf 92' lang='grc'><strong>.</strong></span> <span class='ocrx_word' id='word_1_154' title='bbox 2162 1178 2545 1250; x_wconf 68' lang='grc' dir='ltr'><strong>ἀνδρειατάωυς</strong></span> 
     </span>
     <span class='ocr_line' id='line_1_16' title="bbox 198 1250 2539 1331; baseline 0.002 -23"><span class='ocrx_word' id='word_1_155' title='bbox 198 1256 252 1309; x_wconf 80' lang='grc' dir='ltr'><strong>δὲ</strong></span> <span class='ocrx_word' id='word_1_156' title='bbox 287 1258 636 1330; x_wconf 77' lang='grc' dir='ltr'><em>διαφερόντως.</em></span> <span class='ocrx_word' id='word_1_157' title='bbox 708 1264 954 1316; x_wconf 80' lang='lat' dir='ltr'><strong>Socrates</strong></span> <span class='ocrx_word' id='word_1_158' title='bbox 1004 1269 1166 1315; x_wconf 84' lang='lat' dir='ltr'><strong>autem</strong></span> <span class='ocrx_word' id='word_1_159' title='bbox 1211 1279 1337 1325; x_wconf 86' lang='lat' dir='ltr'><strong>eum,</strong></span> <span class='ocrx_word' id='word_1_160' title='bbox 1382 1265 1464 1329; x_wconf 88' lang='lat' dir='ltr'><strong>qui</strong></span> <span class='ocrx_word' id='word_1_161' title='bbox 1512 1263 1632 1313; x_wconf 82' lang='lat' dir='ltr'><strong>talia</strong></span> <span class='ocrx_word' id='word_1_162' title='bbox 1680 1264 1747 1315; x_wconf 88' lang='lat' dir='ltr'><strong>de</strong></span> <span class='ocrx_word' id='word_1_163' title='bbox 1793 1250 2010 1316; x_wconf 32' lang='lat' dir='ltr'><strong>virtutis.</strong></span> <span class='ocrx_word' id='word_1_164' title='bbox 2035 1270 2208 1315; x_wconf 80' lang='lat' dir='ltr'><strong>natura</strong></span> <span class='ocrx_word' id='word_1_165' title='bbox 2250 1258 2539 1331; x_wconf 75' lang='lat' dir='ltr'><strong>proclamet,</strong></span> 
     </span>
     <span class='ocr_line' id='line_1_17' title="bbox 195 1344 2543 1416; baseline -0 -21"><span class='ocrx_word' id='word_1_166' title='bbox 195 1347 428 1397; x_wconf 81' lang='lat' dir='ltr'><strong>virtutem</strong></span> <span class='ocrx_word' id='word_1_167' title='bbox 452 1348 658 1400; x_wconf 89' lang='lat' dir='ltr'><strong>docere</strong></span> <span class='ocrx_word' id='word_1_168' title='bbox 693 1363 847 1416; x_wconf 88' lang='lat' dir='ltr'><strong>posse</strong></span> <span class='ocrx_word' id='word_1_169' title='bbox 882 1354 1019 1399; x_wconf 87' lang='lat' dir='ltr'><strong>recte</strong></span> <span class='ocrx_word' id='word_1_170' title='bbox 1051 1355 1215 1416; x_wconf 85' lang='lat' dir='ltr'><strong>negat.</strong></span> <span class='ocrx_word' id='word_1_171' title='bbox 1262 1349 1571 1414; x_wconf 75' lang='lat' dir='ltr'><strong>Protagoras</strong></span> <span class='ocrx_word' id='word_1_172' title='bbox 1602 1346 1860 1412; x_wconf 84' lang='lat' dir='ltr'><strong>profitetur</strong></span> <span class='ocrx_word' id='word_1_173' title='bbox 1893 1344 2085 1411; x_wconf 84' lang='lat' dir='ltr'><strong>quidem</strong></span> <span class='ocrx_word' id='word_1_174' title='bbox 2117 1352 2176 1394; x_wconf 72' lang='lat' dir='ltr'><strong>se·</strong></span> <span class='ocrx_word' id='word_1_175' title='bbox 2209 1345 2413 1406; x_wconf 86' lang='lat' dir='ltr'><strong>docere,</strong></span> <span class='ocrx_word' id='word_1_176' title='bbox 2447 1359 2543 1409; x_wconf 81' lang='lat' dir='ltr'><strong>qua</strong></span> 
     </span>
     <span class='ocr_line' id='line_1_18' title="bbox 202 1428 2542 1496; baseline 0.003 -22"><span class='ocrx_word' id='word_1_177' title='bbox 202 1429 311 1492; x_wconf 87' lang='lat' dir='ltr'><strong>quis</strong></span> <span class='ocrx_word' id='word_1_178' title='bbox 345 1430 538 1478; x_wconf 89' lang='lat' dir='ltr'><strong>ratione</strong></span> <span class='ocrx_word' id='word_1_179' title='bbox 572 1435 624 1479; x_wconf 93' lang='lat' dir='ltr'><strong>et</strong></span> <span class='ocrx_word' id='word_1_180' title='bbox 662 1443 763 1480; x_wconf 89' lang='lat' dir='ltr'><strong>rem</strong></span> <span class='ocrx_word' id='word_1_181' title='bbox 798 1430 1082 1480; x_wconf 84' lang='lat' dir='ltr'><strong>familiarem</strong></span> <span class='ocrx_word' id='word_1_182' title='bbox 1116 1435 1255 1479; x_wconf 90' lang='lat' dir='ltr'><strong>recte</strong></span> <span class='ocrx_word' id='word_1_183' title='bbox 1288 1435 1429 1480; x_wconf 84' lang='lat' dir='ltr'><strong>curet</strong></span> <span class='ocrx_word' id='word_1_184' title='bbox 1460 1436 1513 1478; x_wconf 91' lang='lat' dir='ltr'><strong>et</strong></span> <span class='ocrx_word' id='word_1_185' title='bbox 1543 1430 1745 1495; x_wconf 82' lang='lat' dir='ltr'><strong>negotia</strong></span> <span class='ocrx_word' id='word_1_186' title='bbox 1773 1428 1971 1494; x_wconf 83' lang='lat' dir='ltr'><strong>publica</strong></span> <span class='ocrx_word' id='word_1_187' title='bbox 2003 1429 2183 1494; x_wconf 88' lang='lat' dir='ltr'><strong>optime</strong></span> <span class='ocrx_word' id='word_1_188' title='bbox 2216 1430 2457 1496; x_wconf 72' lang='lat' dir='ltr'><strong>transigat</strong></span> <span class='ocrx_word' id='word_1_189' title='bbox 2488 1438 2542 1482; x_wconf 87' lang='lat' dir='ltr'><strong>et</strong></span> 
     </span>
     <span class='ocr_line' id='line_1_19' title="bbox 197 1503 2535 1578; baseline 0.003 -23"><span class='ocrx_word' id='word_1_190' title='bbox 197 1506 413 1556; x_wconf 89' lang='lat' dir='ltr'><strong>dicendo</strong></span> <span class='ocrx_word' id='word_1_191' title='bbox 460 1515 512 1556; x_wconf 88' lang='lat' dir='ltr'><strong>et</strong></span> <span class='ocrx_word' id='word_1_192' title='bbox 563 1510 791 1574; x_wconf 86' lang='lat' dir='ltr'><strong>agend0,</strong></span> <span class='ocrx_word' id='word_1_193' title='bbox 848 1515 995 1574; x_wconf 87' lang='lat' dir='ltr'><strong>atque</strong></span> <span class='ocrx_word' id='word_1_194' title='bbox 1037 1510 1153 1559; x_wconf 89' lang='lat' dir='ltr'><strong>ideo</strong></span> <span class='ocrx_word' id='word_1_195' title='bbox 1199 1507 1472 1575; x_wconf 87' lang='lat' dir='ltr'><strong>discipulos</strong></span> <span class='ocrx_word' id='word_1_196' title='bbox 1516 1524 1547 1557; x_wconf 88' lang='lat' dir='ltr'><strong>a</strong></span> <span class='ocrx_word' id='word_1_197' title='bbox 1579 1524 1638 1558; x_wconf 87' lang='lat' dir='ltr'><strong>se</strong></span> <span class='ocrx_word' id='word_1_198' title='bbox 1672 1508 1903 1559; x_wconf 82' lang='lat' dir='ltr'><strong>meliores</strong></span> <span class='ocrx_word' id='word_1_199' title='bbox 1932 1508 2092 1571; x_wconf 87' lang='lat' dir='ltr'><strong>reddi,</strong></span> <span class='ocrx_word' id='word_1_200' title='bbox 2143 1509 2209 1560; x_wconf 82' lang='lat' dir='ltr'><strong>cf.</strong></span> <span class='ocrx_word' id='word_1_201' title='bbox 2244 1503 2449 1578; x_wconf 82' lang='lat' dir='ltr'><strong>Protag.</strong></span> <span class='ocrx_word' id='word_1_202' title='bbox 2486 1522 2535 1578; x_wconf 80' lang='lat' dir='ltr'><strong>p.</strong></span> 
     </span>
     <span class='ocr_line' id='line_1_20' title="bbox 196 1586 2540 1661; baseline 0.002 -25"><span class='ocrx_word' id='word_1_203' title='bbox 196 1586 295 1636; x_wconf 81' lang='lat'><strong>318</strong></span> <span class='ocrx_word' id='word_1_204' title='bbox 318 1589 396 1640; x_wconf 59' lang='grc' dir='ltr'><strong>’ἢκ</strong></span> <span class='ocrx_word' id='word_1_205' title='bbox 431 1588 525 1639; x_wconf 90' lang='lat' dir='ltr'><strong>sed</strong></span> <span class='ocrx_word' id='word_1_206' title='bbox 559 1595 780 1654; x_wconf 88' lang='lat' dir='ltr'><strong>apertum</strong></span> <span class='ocrx_word' id='word_1_207' title='bbox 814 1596 907 1651; x_wconf 89' lang='lat' dir='ltr'><strong>est,</strong></span> <span class='ocrx_word' id='word_1_208' title='bbox 943 1589 1069 1640; x_wconf 85' lang='lat' dir='ltr'><strong>hanc</strong></span> <span class='ocrx_word' id='word_1_209' title='bbox 1108 1590 1418 1657; x_wconf 76' lang='lat' dir='ltr'><strong>Protagorae</strong></span> <span class='ocrx_word' id='word_1_210' title='bbox 1451 1592 1698 1651; x_wconf 87' lang='lat' dir='ltr'><strong>virtutem,</strong></span> <span class='ocrx_word' id='word_1_211' title='bbox 1732 1605 1875 1655; x_wconf 87' lang='lat' dir='ltr'><strong>quum</strong></span> <span class='ocrx_word' id='word_1_212' title='bbox 1909 1605 2007 1640; x_wconf 92' lang='lat' dir='ltr'><strong>non</strong></span> <span class='ocrx_word' id='word_1_213' title='bbox 2038 1591 2221 1639; x_wconf 84' lang='lat' dir='ltr'><strong>nitatur</strong></span> <span class='ocrx_word' id='word_1_214' title='bbox 2247 1589 2540 1661; x_wconf 75' lang='lat' dir='ltr'><strong>intelligen—</strong></span> 
     </span>
     <span class='ocr_line' id='line_1_21' title="bbox 197 1667 2540 1738; baseline 0.001 -22"><span class='ocrx_word' id='word_1_215' title='bbox 197 1670 267 1717; x_wconf 82' lang='lat' dir='ltr'><strong>tia</strong></span> <span class='ocrx_word' id='word_1_216' title='bbox 300 1682 424 1717; x_wconf 86' lang='lat' dir='ltr'><strong>vere</strong></span> <span class='ocrx_word' id='word_1_217' title='bbox 458 1668 808 1735; x_wconf 84' lang='lat' dir='ltr'><strong>philosophica</strong></span> <span class='ocrx_word' id='word_1_218' title='bbox 836 1669 1165 1735; x_wconf 72' lang='grc' dir='ltr'>(ἐπιστήμῃ),</span> <span class='ocrx_word' id='word_1_219' title='bbox 1199 1670 1292 1721; x_wconf 88' lang='lat' dir='ltr'><strong>sed</strong></span> <span class='ocrx_word' id='word_1_220' title='bbox 1326 1669 1551 1734; x_wconf 80' lang='lat' dir='ltr'><strong>inanibus</strong></span> <span class='ocrx_word' id='word_1_221' title='bbox 1583 1670 1895 1738; x_wconf 85' lang='lat' dir='ltr'><strong>opinionibus</strong></span> <span class='ocrx_word' id='word_1_222' title='bbox 1927 1667 2166 1733; x_wconf 72' lang='grc' dir='ltr'>(δόξαις),</span> <span class='ocrx_word' id='word_1_223' title='bbox 2211 1684 2273 1720; x_wconf 86' lang='lat' dir='ltr'><strong>ac</strong></span> <span class='ocrx_word' id='word_1_224' title='bbox 2303 1673 2540 1737; x_wconf 78' lang='lat' dir='ltr'><strong>saepissi-</strong></span> 
     </span>
     <span class='ocr_line' id='line_1_22' title="bbox 196 1748 2540 1818; baseline 0.003 -22"><span class='ocrx_word' id='word_1_225' title='bbox 196 1765 273 1798; x_wconf 91' lang='lat' dir='ltr'><strong>me</strong></span> <span class='ocrx_word' id='word_1_226' title='bbox 307 1749 360 1798; x_wconf 92' lang='lat' dir='ltr'><strong>id</strong></span> <span class='ocrx_word' id='word_1_227' title='bbox 392 1755 575 1798; x_wconf 89' lang='lat' dir='ltr'><strong>tantum</strong></span> <span class='ocrx_word' id='word_1_228' title='bbox 609 1754 825 1815; x_wconf 82' lang='lat' dir='ltr'><strong>spectet,</strong></span> <span class='ocrx_word' id='word_1_229' title='bbox 880 1754 936 1798; x_wconf 89' lang='lat' dir='ltr'><strong>ut</strong></span> <span class='ocrx_word' id='word_1_230' title='bbox 968 1748 1151 1814; x_wconf 85' lang='lat' dir='ltr'><strong>populo</strong></span> <span class='ocrx_word' id='word_1_231' title='bbox 1186 1751 1409 1814; x_wconf 89' lang='lat' dir='ltr'><strong>quamvis</strong></span> <span class='ocrx_word' id='word_1_232' title='bbox 1442 1751 1612 1818; x_wconf 84' lang='lat' dir='ltr'><strong>inepta</strong></span> <span class='ocrx_word' id='word_1_233' title='bbox 1640 1751 1916 1818; x_wconf 78' lang='lat' dir='ltr'><strong>postulanti</strong></span> <span class='ocrx_word' id='word_1_234' title='bbox 1942 1750 2235 1813; x_wconf 80' lang='lat' dir='ltr'><strong>blandiatur,</strong></span> <span class='ocrx_word' id='word_1_235' title='bbox 2285 1765 2390 1800; x_wconf 88' lang='lat' dir='ltr'><strong>non</strong></span> <span class='ocrx_word' id='word_1_236' title='bbox 2409 1765 2540 1802; x_wconf 68' lang='lat' dir='ltr'><strong>rcsse</strong></span> 
     </span>
     <span class='ocr_line' id='line_1_23' title="bbox 198 1829 2537 1898; baseline 0.002 -20"><span class='ocrx_word' id='word_1_237' title='bbox 198 1830 329 1878; x_wconf 85' lang='lat' dir='ltr'><strong>illam</strong></span> <span class='ocrx_word' id='word_1_238' title='bbox 360 1832 608 1891; x_wconf 85' lang='lat' dir='ltr'><strong>virtutem,</strong></span> <span class='ocrx_word' id='word_1_239' title='bbox 644 1847 784 1894; x_wconf 87' lang='lat' dir='ltr'><strong>quam</strong></span> <span class='ocrx_word' id='word_1_240' title='bbox 818 1829 968 1879; x_wconf 87' lang='lat' dir='ltr'><strong>Plato</strong></span> <span class='ocrx_word' id='word_1_241' title='bbox 1003 1830 1193 1880; x_wconf 87' lang='lat' dir='ltr'><strong>docere</strong></span> <span class='ocrx_word' id='word_1_242' title='bbox 1219 1836 1272 1879; x_wconf 91' lang='lat' dir='ltr'><strong>et</strong></span> <span class='ocrx_word' id='word_1_243' title='bbox 1304 1845 1422 1880; x_wconf 88' lang='lat' dir='ltr'><strong>cum·</strong></span> <span class='ocrx_word' id='word_1_244' title='bbox 1444 1830 1557 1881; x_wconf 86' lang='lat' dir='ltr'><strong>aliis</strong></span> <span class='ocrx_word' id='word_1_245' title='bbox 1589 1833 1946 1883; x_wconf 87' lang='lat' dir='ltr'><strong>communicare</strong></span> <span class='ocrx_word' id='word_1_246' title='bbox 1979 1846 2038 1882; x_wconf 91' lang='lat' dir='ltr'><strong>se</strong></span> <span class='ocrx_word' id='word_1_247' title='bbox 2070 1845 2226 1897; x_wconf 87' lang='lat' dir='ltr'><strong>posse</strong></span> <span class='ocrx_word' id='word_1_248' title='bbox 2259 1832 2537 1898; x_wconf 82' lang='lat' dir='ltr'><strong>profitetur,</strong></span> 
     </span>
     <span class='ocr_line' id='line_1_24' title="bbox 199 1912 2541 1980; baseline 0 -18"><span class='ocrx_word' id='word_1_249' title='bbox 199 1912 265 1962; x_wconf 91' lang='lat' dir='ltr'><strong>de</strong></span> <span class='ocrx_word' id='word_1_250' title='bbox 300 1928 395 1978; x_wconf 86' lang='lat' dir='ltr'><strong>qua</strong></span> <span class='ocrx_word' id='word_1_251' title='bbox 428 1915 534 1980; x_wconf 82' lang='lat' dir='ltr'><strong>agit</strong></span> <span class='ocrx_word' id='word_1_252' title='bbox 568 1916 617 1961; x_wconf 87' lang='lat' dir='ltr'><strong>in</strong></span> <span class='ocrx_word' id='word_1_253' title='bbox 650 1913 870 1963; x_wconf 89' lang='lat' dir='ltr'><strong>Menone</strong></span> <span class='ocrx_word' id='word_1_254' title='bbox 904 1930 952 1979; x_wconf 91' lang='lat' dir='ltr'><strong>p.</strong></span> <span class='ocrx_word' id='word_1_255' title='bbox 987 1913 1055 1962; x_wconf 76' lang='lat'><strong>8⁷</strong></span> <span class='ocrx_word' id='word_1_256' title='bbox 1074 1939 1137 1949; x_wconf 88' lang='lat'><strong>--</strong></span> <span class='ocrx_word' id='word_1_257' title='bbox 1159 1913 1240 1962; x_wconf 78' lang='lat'><strong>89.</strong></span> <span class='ocrx_word' id='word_1_258' title='bbox 1306 1912 1493 1978; x_wconf 87' lang='lat' dir='ltr'><strong>Neque</strong></span> <span class='ocrx_word' id='word_1_259' title='bbox 1531 1927 1812 1978; x_wconf 83' lang='lat' dir='ltr'><strong>quemquam</strong></span> <span class='ocrx_word' id='word_1_260' title='bbox 1846 1912 2116 1972; x_wconf 83' lang='lat' dir='ltr'><strong>offendent,</strong></span> <span class='ocrx_word' id='word_1_261' title='bbox 2158 1927 2285 1976; x_wconf 85' lang='lat' dir='ltr'><strong>quae</strong></span> <span class='ocrx_word' id='word_1_262' title='bbox 2327 1913 2444 1963; x_wconf 88' lang='lat' dir='ltr'><strong>inde</strong></span> <span class='ocrx_word' id='word_1_263' title='bbox 2476 1913 2541 1963; x_wconf 84' lang='lat' dir='ltr'><strong>ab</strong></span> 
     </span>
     <span class='ocr_line' id='line_1_25' title="bbox 198 1986 2539 2060; baseline 0.003 -21"><span class='ocrx_word' id='word_1_264' title='bbox 198 2008 312 2058; x_wconf 87' lang='lat' dir='ltr'><strong>pag.</strong></span> <span class='ocrx_word' id='word_1_265' title='bbox 360 1993 426 2041; x_wconf 82' lang='lat'><strong>89</strong></span> <span class='ocrx_word' id='word_1_266' title='bbox 460 1997 512 2042; x_wconf 91' lang='lat' dir='ltr'><strong>in</strong></span> <span class='ocrx_word' id='word_1_267' title='bbox 544 1995 768 2044; x_wconf 88' lang='lat' dir='ltr'><strong>Menone</strong></span> <span class='ocrx_word' id='word_1_268' title='bbox 796 2000 1076 2060; x_wconf 85' lang='lat' dir='ltr'><strong>sequuntur.</strong></span> <span class='ocrx_word' id='word_1_269' title='bbox 1143 1990 1279 2042; x_wconf 84' lang='lat' dir='ltr'><strong>Nam</strong></span> <span class='ocrx_word' id='word_1_270' title='bbox 1321 1994 1388 2041; x_wconf 90' lang='lat' dir='ltr'><strong>ibi</strong></span> <span class='ocrx_word' id='word_1_271' title='bbox 1433 1999 1486 2042; x_wconf 90' lang='lat' dir='ltr'><strong>et</strong></span> <span class='ocrx_word' id='word_1_272' title='bbox 1517 1996 1568 2041; x_wconf 87' lang='lat' dir='ltr'><strong>in</strong></span> <span class='ocrx_word' id='word_1_273' title='bbox 1608 1992 1891 2059; x_wconf 77' lang='lat' dir='ltr'><strong>Protagora</strong></span> <span class='ocrx_word' id='word_1_274' title='bbox 1928 2009 1977 2058; x_wconf 83' lang='lat' dir='ltr'><strong>p.</strong></span> <span class='ocrx_word' id='word_1_275' title='bbox 2011 1986 2109 2041; x_wconf 79' lang='lat'><strong>319</strong></span> <span class='ocrx_word' id='word_1_276' title='bbox 2156 1990 2355 2043; x_wconf 81' lang='lat' dir='ltr'><strong>disserit</strong></span> <span class='ocrx_word' id='word_1_277' title='bbox 2391 1990 2539 2045; x_wconf 77' lang='lat' dir='ltr'><strong>Plato</strong></span> 
     </span>
     <span class='ocr_line' id='line_1_26' title="bbox 200 2071 2536 2140; baseline 0.001 -18"><span class='ocrx_word' id='word_1_278' title='bbox 200 2073 266 2122; x_wconf 90' lang='lat' dir='ltr'><strong>de</strong></span> <span class='ocrx_word' id='word_1_279' title='bbox 296 2073 383 2121; x_wconf 90' lang='lat' dir='ltr'><strong>illa</strong></span> <span class='ocrx_word' id='word_1_280' title='bbox 417 2074 578 2123; x_wconf 86' lang='lat' dir='ltr'><strong>altera</strong></span> <span class='ocrx_word' id='word_1_281' title='bbox 611 2078 812 2136; x_wconf 81' lang='lat' dir='ltr'><strong>virtute,</strong></span> <span class='ocrx_word' id='word_1_282' title='bbox 848 2082 901 2124; x_wconf 91' lang='lat' dir='ltr'><strong>ut</strong></span> <span class='ocrx_word' id='word_1_283' title='bbox 932 2079 1002 2124; x_wconf 83' lang='lat' dir='ltr'><strong>ita</strong></span> <span class='ocrx_word' id='word_1_284' title='bbox 1036 2076 1211 2137; x_wconf 85' lang='lat' dir='ltr'><strong>dicam,</strong></span> <span class='ocrx_word' id='word_1_285' title='bbox 1246 2075 1401 2134; x_wconf 89' lang='lat' dir='ltr'><strong>civili,</strong></span> <span class='ocrx_word' id='word_1_286' title='bbox 1431 2092 1571 2140; x_wconf 80' lang='lat' dir='ltr'><strong>quam</strong></span> <span class='ocrx_word' id='word_1_287' title='bbox 1604 2075 1824 2125; x_wconf 87' lang='lat' dir='ltr'><strong>omnibus</strong></span> <span class='ocrx_word' id='word_1_288' title='bbox 1859 2072 1969 2125; x_wconf 84' lang='lat' dir='ltr'><strong>fere</strong></span> <span class='ocrx_word' id='word_1_289' title='bbox 1999 2088 2155 2137; x_wconf 86' lang='lat' dir='ltr'><strong>usque</strong></span> <span class='ocrx_word' id='word_1_290' title='bbox 2186 2071 2253 2123; x_wconf 87' lang='lat' dir='ltr'><strong>ad</strong></span> <span class='ocrx_word' id='word_1_291' title='bbox 2275 2089 2411 2123; x_wconf 85' lang='lat' dir='ltr'><strong>suam</strong></span> <span class='ocrx_word' id='word_1_292' title='bbox 2442 2090 2536 2125; x_wconf 79' lang='lat' dir='ltr'><strong>ae-</strong></span> 
     </span>
     <span class='ocr_line' id='line_1_27' title="bbox 200 2155 2538 2245; baseline 0 -44"><span class='ocrx_word' id='word_1_293' title='bbox 200 2160 349 2202; x_wconf 84' lang='lat' dir='ltr'><strong>tatem</strong></span> <span class='ocrx_word' id='word_1_294' title='bbox 383 2157 505 2204; x_wconf 86' lang='lat' dir='ltr'><strong>viris</strong></span> <span class='ocrx_word' id='word_1_295' title='bbox 534 2171 700 2205; x_wconf 88' lang='lat' dir='ltr'><strong>rerum</strong></span> <span class='ocrx_word' id='word_1_296' title='bbox 735 2156 955 2206; x_wconf 89' lang='lat' dir='ltr'><strong>civilium</strong></span> <span class='ocrx_word' id='word_1_297' title='bbox 990 2158 1161 2222; x_wconf 83' lang='lat' dir='ltr'><strong>peritis</strong></span> <span class='ocrx_word' id='word_1_298' title='bbox 1194 2156 1550 2208; x_wconf 79' lang='lat' dir='ltr'><strong>attribuendam</strong></span> <span class='ocrx_word' id='word_1_299' title='bbox 1584 2170 1699 2208; x_wconf 89' lang='lat' dir='ltr'><strong>esse</strong></span> <span class='ocrx_word' id='word_1_300' title='bbox 1712 2155 1892 2245; x_wconf 53' lang='lat' dir='ltr'><strong>‘dicit</strong></span> <span class='ocrx_word' id='word_1_301' title='bbox 1928 2155 2041 2204; x_wconf 85' lang='lat' dir='ltr'><strong>Hos</strong></span> <span class='ocrx_word' id='word_1_302' title='bbox 2073 2155 2420 2226; x_wconf 75' lang='lat' dir='ltr'><strong>enimomnes,</strong></span> <span class='ocrx_word' id='word_1_303' title='bbox 2452 2155 2538 2216; x_wconf 85' lang='lat' dir='ltr'><strong>ait,</strong></span> 
     </span>
     <span class='ocr_line' id='line_1_28' title="bbox 201 2232 2538 2302; baseline -0.001 -18"><span class='ocrx_word' id='word_1_304' title='bbox 201 2238 347 2284; x_wconf 87' lang='lat' dir='ltr'><strong>etiam</strong></span> <span class='ocrx_word' id='word_1_305' title='bbox 383 2238 563 2301; x_wconf 91' lang='lat' dir='ltr'><strong>optime</strong></span> <span class='ocrx_word' id='word_1_306' title='bbox 599 2235 666 2285; x_wconf 88' lang='lat' dir='ltr'><strong>de</strong></span> <span class='ocrx_word' id='word_1_307' title='bbox 697 2232 953 2302; x_wconf 77' lang='lat' dir='ltr'><strong>republica</strong></span> <span class='ocrx_word' id='word_1_308' title='bbox 986 2239 1201 2298; x_wconf 88' lang='lat' dir='ltr'><strong>meritos,</strong></span> <span class='ocrx_word' id='word_1_309' title='bbox 1237 2236 1638 2298; x_wconf 80' lang='lat' dir='ltr'><strong>Themistoclem,</strong></span> <span class='ocrx_word' id='word_1_310' title='bbox 1675 2234 1960 2297; x_wconf 80' lang='lat' dir='ltr'><strong>Aristidem,</strong></span> <span class='ocrx_word' id='word_1_311' title='bbox 1993 2233 2260 2295; x_wconf 83' lang='lat' dir='ltr'><strong>Periclem,</strong></span> <span class='ocrx_word' id='word_1_312' title='bbox 2308 2233 2375 2283; x_wconf 89' lang='lat' dir='ltr'><strong>ad</strong></span> <span class='ocrx_word' id='word_1_313' title='bbox 2408 2248 2538 2284; x_wconf 89' lang='lat' dir='ltr'><strong>rem-</strong></span> 
     </span>
     <span class='ocr_line' id='line_1_29' title="bbox 200 2312 2539 2385; baseline -0.001 -19"><span class='ocrx_word' id='word_1_314' title='bbox 200 2316 446 2384; x_wconf 85' lang='lat' dir='ltr'><strong>publicam</strong></span> <span class='ocrx_word' id='word_1_315' title='bbox 481 2321 784 2380; x_wconf 84' lang='lat' dir='ltr'><strong>accessisse,</strong></span> <span class='ocrx_word' id='word_1_316' title='bbox 818 2334 917 2368; x_wconf 91' lang='lat' dir='ltr'><strong>non</strong></span> <span class='ocrx_word' id='word_1_317' title='bbox 951 2320 1279 2385; x_wconf 86' lang='lat' dir='ltr'><strong>intelligentia</strong></span> <span class='ocrx_word' id='word_1_318' title='bbox 1310 2317 1659 2385; x_wconf 82' lang='lat' dir='ltr'><strong>philosophica</strong></span> <span class='ocrx_word' id='word_1_319' title='bbox 1689 2315 1958 2383; x_wconf 84' lang='lat' dir='ltr'><strong>praeditos,</strong></span> <span class='ocrx_word' id='word_1_320' title='bbox 1991 2313 2102 2376; x_wconf 84' lang='lat' dir='ltr'><strong>sed,</strong></span> <span class='ocrx_word' id='word_1_321' title='bbox 2134 2314 2180 2362; x_wconf 88' lang='lat' dir='ltr'><strong>si</strong></span> <span class='ocrx_word' id='word_1_322' title='bbox 2207 2312 2293 2361; x_wconf 90' lang='lat' dir='ltr'><strong>Dii</strong></span> <span class='ocrx_word' id='word_1_323' title='bbox 2321 2313 2539 2378; x_wconf 79' lang='lat' dir='ltr'><strong>adjuve-</strong></span> 
     </span>
     <span class='ocr_line' id='line_1_30' title="bbox 199 2391 2540 2464; baseline -0.002 -17"><span class='ocrx_word' id='word_1_324' title='bbox 199 2401 312 2459; x_wconf 88' lang='lat' dir='ltr'><strong>rint,</strong></span> <span class='ocrx_word' id='word_1_325' title='bbox 348 2400 501 2447; x_wconf 89' lang='lat' dir='ltr'><strong>rectis</strong></span> <span class='ocrx_word' id='word_1_326' title='bbox 536 2398 849 2463; x_wconf 86' lang='lat' dir='ltr'><strong>opinionibus</strong></span> <span class='ocrx_word' id='word_1_327' title='bbox 882 2401 1096 2463; x_wconf 57' lang='grc' dir='ltr'>(ὀρθαῖς</span> <span class='ocrx_word' id='word_1_328' title='bbox 1131 2394 1323 2460; x_wconf 79' lang='grc' dir='ltr'>δόξαις)</span> <span class='ocrx_word' id='word_1_329' title='bbox 1357 2402 1569 2462; x_wconf 49' lang='lat' dir='ltr'><strong>utentem</strong></span> <span class='ocrx_word' id='word_1_330' title='bbox 1602 2403 1749 2464; x_wconf 84' lang='lat' dir='ltr'><strong>atque</strong></span> <span class='ocrx_word' id='word_1_331' title='bbox 1777 2397 1905 2449; x_wconf 84' lang='lat' dir='ltr'><strong>hanc</strong></span> <span class='ocrx_word' id='word_1_332' title='bbox 1941 2391 2005 2446; x_wconf 83' lang='lat' dir='ltr'><strong>ob</strong></span> <span class='ocrx_word' id='word_1_333' title='bbox 2035 2409 2232 2445; x_wconf 79' lang='lat' dir='ltr'><strong>causam</strong></span> <span class='ocrx_word' id='word_1_334' title='bbox 2255 2407 2408 2459; x_wconf 72' lang='lat' dir='ltr'><strong>saepe</strong></span> <span class='ocrx_word' id='word_1_335' title='bbox 2430 2395 2540 2459; x_wconf 86' lang='lat' dir='ltr'><strong>qui-</strong></span> 
     </span>
     <span class='ocr_line' id='line_1_31' title="bbox 204 2472 2538 2545; baseline -0.003 -18"><span class='ocrx_word' id='word_1_336' title='bbox 204 2478 316 2527; x_wconf 91' lang='lat' dir='ltr'><strong>dem</strong></span> <span class='ocrx_word' id='word_1_337' title='bbox 346 2472 519 2527; x_wconf 83' lang='lat' dir='ltr'><strong>verum</strong></span> <span class='ocrx_word' id='word_1_338' title='bbox 553 2493 613 2528; x_wconf 89' lang='lat' dir='ltr'><strong>ac</strong></span> <span class='ocrx_word' id='word_1_339' title='bbox 648 2484 836 2528; x_wconf 88' lang='lat' dir='ltr'><strong>rectum</strong></span> <span class='ocrx_word' id='word_1_340' title='bbox 870 2481 1190 2545; x_wconf 86' lang='lat' dir='ltr'><strong>attingentes,</strong></span> <span class='ocrx_word' id='word_1_341' title='bbox 1224 2480 1422 2544; x_wconf 86' lang='lat' dir='ltr'><strong>saepius</strong></span> <span class='ocrx_word' id='word_1_342' title='bbox 1455 2483 1616 2530; x_wconf 86' lang='lat' dir='ltr'><strong>autem</strong></span> <span class='ocrx_word' id='word_1_343' title='bbox 1649 2478 1712 2527; x_wconf 86' lang='lat' dir='ltr'><strong>ab</strong></span> <span class='ocrx_word' id='word_1_344' title='bbox 1749 2492 1814 2528; x_wconf 91' lang='lat' dir='ltr'><strong>eo</strong></span> <span class='ocrx_word' id='word_1_345' title='bbox 1847 2477 2158 2527; x_wconf 54' lang='lat' dir='ltr'><strong>aberrantes*</strong></span> <span class='ocrx_word' id='word_1_346' title='bbox 2220 2473 2396 2522; x_wconf 86' lang='lat' dir='ltr'><strong>Talem</strong></span> <span class='ocrx_word' id='word_1_347' title='bbox 2430 2475 2538 2538; x_wconf 86' lang='lat' dir='ltr'><strong>qui-</strong></span> 
     </span>
     <span class='ocr_line' id='line_1_32' title="bbox 203 2554 2539 2625; baseline -0.002 -18"><span class='ocrx_word' id='word_1_348' title='bbox 203 2556 313 2608; x_wconf 89' lang='lat' dir='ltr'><strong>dem</strong></span> <span class='ocrx_word' id='word_1_349' title='bbox 346 2563 501 2608; x_wconf 90' lang='lat' dir='ltr'><strong>artem</strong></span> <span class='ocrx_word' id='word_1_350' title='bbox 534 2559 837 2625; x_wconf 84' lang='lat' dir='ltr'><strong>reipublicae</strong></span> <span class='ocrx_word' id='word_1_351' title='bbox 870 2558 1284 2610; x_wconf 82' lang='lat' dir='ltr'><strong>administrandae</strong></span> <span class='ocrx_word' id='word_1_352' title='bbox 1317 2572 1416 2608; x_wconf 91' lang='lat' dir='ltr'><strong>non</strong></span> <span class='ocrx_word' id='word_1_353' title='bbox 1449 2572 1601 2625; x_wconf 88' lang='lat' dir='ltr'><strong>posse</strong></span> <span class='ocrx_word' id='word_1_354' title='bbox 1623 2557 1735 2607; x_wconf 84' lang='lat' dir='ltr'><strong>aliis</strong></span> <span class='ocrx_word' id='word_1_355' title='bbox 1763 2556 1906 2620; x_wconf 89' lang='lat' dir='ltr'><strong>tradi,</strong></span> <span class='ocrx_word' id='word_1_356' title='bbox 1943 2556 2039 2607; x_wconf 85' lang='lat' dir='ltr'><strong>sed</strong></span> <span class='ocrx_word' id='word_1_357' title='bbox 2062 2567 2195 2617; x_wconf 83' lang='lat' dir='ltr'><strong>esse,</strong></span> <span class='ocrx_word' id='word_1_358' title='bbox 2227 2556 2274 2602; x_wconf 91' lang='lat' dir='ltr'><strong>si</strong></span> <span class='ocrx_word' id='word_1_359' title='bbox 2302 2554 2382 2604; x_wconf 88' lang='lat' dir='ltr'><strong>cui</strong></span> <span class='ocrx_word' id='word_1_360' title='bbox 2412 2568 2539 2603; x_wconf 87' lang='lat' dir='ltr'><strong>con-</strong></span> 
     </span>
     <span class='ocr_line' id='line_1_33' title="bbox 204 2636 2540 2705; baseline -0.001 -17"><span class='ocrx_word' id='word_1_361' title='bbox 204 2641 388 2705; x_wconf 85' lang='lat' dir='ltr'><strong>tigerit,</strong></span> <span class='ocrx_word' id='word_1_362' title='bbox 424 2639 604 2689; x_wconf 88' lang='lat' dir='ltr'><strong>donum</strong></span> <span class='ocrx_word' id='word_1_363' title='bbox 638 2640 875 2690; x_wconf 81' lang='lat' dir='ltr'><strong>Deorum:</strong></span> <span class='ocrx_word' id='word_1_364' title='bbox 910 2640 1004 2690; x_wconf 89' lang='lat' dir='ltr'><strong>hos</strong></span> <span class='ocrx_word' id='word_1_365' title='bbox 1039 2642 1200 2703; x_wconf 71' lang='lat' dir='ltr'><strong>viroe,</strong></span> <span class='ocrx_word' id='word_1_366' title='bbox 1232 2644 1285 2688; x_wconf 89' lang='lat' dir='ltr'><strong>ut</strong></span> <span class='ocrx_word' id='word_1_367' title='bbox 1318 2643 1464 2690; x_wconf 82' lang='lat' dir='ltr'><strong>vates</strong></span> <span class='ocrx_word' id='word_1_368' title='bbox 1496 2638 1764 2705; x_wconf 84' lang='lat' dir='ltr'><strong>divinoque</strong></span> <span class='ocrx_word' id='word_1_369' title='bbox 1806 2637 1974 2687; x_wconf 83' lang='lat' dir='ltr'><strong>furore</strong></span> <span class='ocrx_word' id='word_1_370' title='bbox 2007 2640 2286 2702; x_wconf 88' lang='lat' dir='ltr'><strong>correptos,</strong></span> <span class='ocrx_word' id='word_1_371' title='bbox 2339 2636 2540 2687; x_wconf 82' lang='lat' dir='ltr'><strong>divinos</strong></span> 
     </span>
    </p>
   </div>
   <div class='ocr_carea' id='block_1_3' title="bbox 289 2781 2546 3011">
    <p class='ocr_par' dir='ltr' id='par_1_3' title="bbox 289 2781 2546 3011">
     <span class='ocr_line' id='line_1_34' title="bbox 289 2781 2546 2853; baseline -0.003 -16"><span class='ocrx_word' id='word_1_372' title='bbox 289 2786 334 2837; x_wconf 71' lang='lat'><strong>⁴⁹)</strong></span> <span class='ocrx_word' id='word_1_373' title='bbox 390 2794 561 2848; x_wconf 70' lang='lat' dir='ltr'><strong>Protag.</strong></span> <span class='ocrx_word' id='word_1_374' title='bbox 593 2809 635 2849; x_wconf 90' lang='lat' dir='ltr'><strong>p.</strong></span> <span class='ocrx_word' id='word_1_375' title='bbox 665 2794 786 2835; x_wconf 70' lang='lat'><strong>5182</strong></span> <span class='ocrx_word' id='word_1_376' title='bbox 814 2785 877 2837; x_wconf 82' lang='grc' dir='ltr'><strong>τὸ</strong></span> <span class='ocrx_word' id='word_1_377' title='bbox 916 2781 968 2837; x_wconf 77' lang='grc' dir='ltr'><strong>δὲ</strong></span> <span class='ocrx_word' id='word_1_378' title='bbox 1002 2785 1216 2852; x_wconf 56' lang='grc' dir='ltr'><em>μάθημά</em></span> <span class='ocrx_word' id='word_1_379' title='bbox 1248 2787 1386 2838; x_wconf 75' lang='grc' dir='ltr'><strong>ἐστιν</strong></span> <span class='ocrx_word' id='word_1_380' title='bbox 1417 2783 1659 2853; x_wconf 78' lang='grc' dir='ltr'><strong>εὐβουλία</strong></span> <span class='ocrx_word' id='word_1_381' title='bbox 1694 2822 1707 2835; x_wconf 91' lang='grc'><strong>.</strong></span> <span class='ocrx_word' id='word_1_382' title='bbox 1743 2822 1755 2835; x_wconf 91' lang='grc'><strong>.</strong></span> <span class='ocrx_word' id='word_1_383' title='bbox 1790 2822 1804 2835; x_wconf 92' lang='grc'><strong>.</strong></span> <span class='ocrx_word' id='word_1_384' title='bbox 1839 2820 1852 2834; x_wconf 91' lang='grc'><strong>.</strong></span> <span class='ocrx_word' id='word_1_385' title='bbox 1886 2784 2056 2847; x_wconf 76' lang='grc' dir='ltr'><strong>λέγειν.</strong></span> <span class='ocrx_word' id='word_1_386' title='bbox 2137 2787 2208 2831; x_wconf 72' lang='lat' dir='ltr'><strong>Ad</strong></span> <span class='ocrx_word' id='word_1_387' title='bbox 2247 2786 2354 2830; x_wconf 71' lang='lat' dir='ltr'><strong>haee</strong></span> <span class='ocrx_word' id='word_1_388' title='bbox 2394 2786 2546 2831; x_wconf 72' lang='lat' dir='ltr'><strong>Prot·-</strong></span> 
     </span>
     <span class='ocr_line' id='line_1_35' title="bbox 397 2860 2541 2927; baseline 0 -17"><span class='ocrx_word' id='word_1_389' title='bbox 397 2883 526 2924; x_wconf 58' lang='grc' dir='ltr'><strong>εοεαε</strong></span> <span class='ocrx_word' id='word_1_390' title='bbox 556 2870 680 2911; x_wconf 71' lang='lat' dir='ltr'><strong>verba</strong></span> <span class='ocrx_word' id='word_1_391' title='bbox 719 2871 915 2913; x_wconf 74' lang='lat' dir='ltr'><strong>Socrates</strong></span> <span class='ocrx_word' id='word_1_392' title='bbox 957 2869 1203 2924; x_wconf 79' lang='lat' dir='ltr'><strong>respondet:</strong></span> <span class='ocrx_word' id='word_1_393' title='bbox 1262 2860 1420 2920; x_wconf 83' lang='grc' dir='ltr'><em>δοκεῖς</em></span> <span class='ocrx_word' id='word_1_394' title='bbox 1452 2881 1540 2927; x_wconf 75' lang='grc' dir='ltr'><strong>μοι</strong></span> <span class='ocrx_word' id='word_1_395' title='bbox 1574 2863 1728 2925; x_wconf 80' lang='grc' dir='ltr'><strong>λέγειν</strong></span> <span class='ocrx_word' id='word_1_396' title='bbox 1757 2864 1848 2919; x_wconf 76' lang='grc' dir='ltr'><strong>τὴν</strong></span> <span class='ocrx_word' id='word_1_397' title='bbox 1873 2862 2130 2923; x_wconf 75' lang='grc' dir='ltr'><strong>πολιτικὴν</strong></span> <span class='ocrx_word' id='word_1_398' title='bbox 2162 2860 2338 2927; x_wconf 78' lang='grc' dir='ltr'><strong>τέχνην</strong></span> <span class='ocrx_word' id='word_1_399' title='bbox 2371 2860 2457 2909; x_wconf 79' lang='grc' dir='ltr'><strong>καὶ</strong></span> <span class='ocrx_word' id='word_1_400' title='bbox 2485 2862 2541 2911; x_wconf 73' lang='lat'><strong>15-</strong></span> 
     </span>
     <span class='ocr_line' id='line_1_36' title="bbox 392 2936 2461 3011; baseline -0.005 -18"><span class='ocrx_word' id='word_1_401' title='bbox 392 2949 738 3011; x_wconf 58' lang='grc' dir='ltr'><strong>ποσχνεῖσθαι</strong></span> <span class='ocrx_word' id='word_1_402' title='bbox 768 2948 930 2995; x_wconf 80' lang='grc' dir='ltr'><strong>ποιεῖν</strong></span> <span class='ocrx_word' id='word_1_403' title='bbox 969 2936 1152 3008; x_wconf 77' lang='grc' dir='ltr'><strong><em>ἄνδρας</em></strong></span> <span class='ocrx_word' id='word_1_404' title='bbox 1189 2941 1416 3004; x_wconf 58' lang='grc' dir='ltr'><strong><em>ἀγαθοὺς</em></strong></span> <span class='ocrx_word' id='word_1_405' title='bbox 1450 2937 1677 2995; x_wconf 82' lang='grc' dir='ltr'><strong>πολίτας.</strong></span> <span class='ocrx_word' id='word_1_406' title='bbox 1737 2942 1868 2994; x_wconf 81' lang='lat' dir='ltr'><strong>Quod</strong></span> <span class='ocrx_word' id='word_1_407' title='bbox 1894 2959 1919 2985; x_wconf 77' lang='grc' dir='ltr'><strong>ει</strong></span> <span class='ocrx_word' id='word_1_408' title='bbox 1946 2942 2182 2996; x_wconf 70' lang='lat' dir='ltr'><strong>Protagora</strong></span> <span class='ocrx_word' id='word_1_409' title='bbox 2205 2942 2461 2985; x_wconf 74' lang='lat' dir='ltr'><strong>conceditur.</strong></span> 
     </span>
    </p>
   </div>
   <div class='ocr_carea' id='block_1_4' title="bbox 2741 2714 2818 3489">
    <p class='ocr_par' dir='ltr' id='par_1_4' title="bbox 2741 2714 2818 3489">
     <span class='ocr_line' id='line_1_37' title="bbox 2741 2714 2818 3489; baseline 0 0"><span class='ocrx_word' id='word_1_410' title='bbox 2741 2714 2818 3489; x_wconf 95' lang='lat' dir='ltr'><strong> </strong></span> 
     </span>
    </p>
   </div>
  </div>
 </body>
</html>
