2824 3489
1248 110 1572 166 ...14³

235 238 390 312 prium
435 235 713 297 obedientis
753 244 805 295 et
843 236 1044 295 subditi.
1108 245 1402 310 Injustitiam
1441 249 1617 298 contra
1656 239 1915 313 imperare
1934 236 2206 295 bominibus
2246 253 2372 296 vere
2399 239 2574 299 stultis

233 331 286 378 et
313 328 487 393 justisz
522 329 600 393 qui
635 330 795 376 antem
829 329 1051 393 pareant,
1085 340 1176 376 eos
1208 323 1380 375 facere
1412 324 1468 375 id
1503 327 1636 389 quod
1660 329 1913 408 imperanti
1944 326 2208 391 conducat,
2243 337 2446 394 eumque
2479 328 2575 380 be-⁸

230 416 361 459 atum
398 410 629 472 reddere,
663 422 722 459 se
749 415 909 459 autem
940 411 1077 476 ipsos
1111 424 1211 458 non
1247 408 1437 470 beatos,
1476 423 1528 474 p
1557 407 1671 458 343
1738 401 1909 477 itaque
1952 410 2121 461 laudat
2164 401 2574 474 Thrasymachus

234 493 533 557 injustitiam,
567 505 710 556 quae,
745 491 809 539 ab
845 491 1068 539 omnibus
1102 488 1324 557 partibus
1359 486 1597 550 absoluta,
1635 489 1851 540 validior
1883 495 1937 540 et
1967 490 2218 542 liberalior
2262 497 2313 541 et
2356 493 2575 559 regalior

230 576 294 623 sit
328 588 469 639 quam
498 573 714 637 justitia3
744 573 932 637 justum
961 575 1088 623 enim
1123 572 1391 640 potentiori
1426 582 1541 620 esse
1574 563 1858 636 conferens,
1892 576 2123 640 injustum
2157 579 2325 625 autem.
2350 574 2445 624 sibi
2472 576 2568 641 ipsi

229 657 351 708 utile
381 662 432 707 et
463 648 748 720 conferens,
779 649 842 706 τὸ
873 654 961 720 μὲν
991 661 1088 706 τοῦ
1127 656 1409 724 nociviores·
1450 646 1698 718 ξυμφέρον
1732 646 1795 702 τὸ
1827 650 2023 704 δίκαιον
2054 657 2291 721 ’ὲυγχᾴνει
2329 654 2403 714 ὄν,
2438 654 2501 703 τὸ
2531 648 2571 707 δ’

229 734 407 787 ἄδικον
438 730 603 802 ἐαυτῷ
640 739 944 788 λυσιτελοῦν
974 756 1030 787 τε
1064 734 1150 787 καὶ
1199 731 1462 804 ξυμφέρονι
1536 734 1788 801 ,Iustitiam
1837 747 1953 790 esse
2000 742 2252 806 egregiam
2302 735 2571 800 stultitiam,

230 820 363 867 πάνυ
396 820 626 881 γενναίαν
661 816 909 877 cariffi-star,
946 821 1229 883 injustitiam
1265 821 1584 886 prudentiam,
1617 813 1906 885 εὖβούλίανς
1952 823 2032 886 qui
2067 814 2269 873 valeant
2300 819 2574 872 absolutam

232 902 521 966 injustitiam
554 914 814 964 exercere,
849 908 996 967 atque
1031 903 1265 952 civitates
1298 905 1621 968 'nationesque
1652 895 1745 952 sibi
1780 901 2046 967 subjicere,
2082 916 2172 953 eos
2202 912 2318 954 esse
2351 903 2572 970 pruden⁶

230 988 310 1034 tes
345 991 397 1034 et
431 978 609 1035 bonos:
655 985 888 1051 φρόνιμοι,
934 978 1020 1031 καὶ
1079 976 1270 1046 ἄγαὲοὶ
1307 980 1547 1033 δοκοῦσιν
1579 982 1708 1033 εἶναι
1742 978 1791 1032 οἱ
1826 972 2012 1042 ἄδικοι,
2047 1000 2094 1050 p.
2129 981 2244 1035 348.
2313 978 2423 1036 Sed
2468 985 2576 1036 So.-

233 1071 413 1127 crates,
468 1071 721 1131 postquam
755 1068 1075 1133 sagacissime
1119 1067 1322 1128 monuit,
1368 1081 1465 1115 non
1514 1071 1656 1115 recte
1706 1065 1806 1115 dici
1852 1074 2002 1132 posse
2047 1068 2289 1131 pastoreS,
2337 1070 2576 1130 quatenus

232 1151 458 1211 pastores
491 1148 606 1207 sint,
641 1145 845 1196 aliorum
881 1147 973 1195 nisi
1008 1149 1172 1196 ovium
1205 1147 1463 1196 utilitatem
1497 1147 1764 1211 respicere,
1815 1152 1968 1212 negat
2002 1146 2286 1210 injustitiam
2319 1147 2370 1194 iu
2405 1149 2568 1195 virtu-

233 1229 297 1275 tis
332 1233 382 1276 et
413 1229 686 1291 sapientiae
719 1227 837 1276 loco
871 1222 951 1289 (ἐν
985 1228 1159 1293 ἀρετῆς
1192 1228 1278 1276 καὶ
1313 1229 1504 1294 σοφίας
1536 1230 1695 1291 μέρει)
1747 1220 1917 1277 haberi
1963 1239 2130 1294 posse,
2181 1234 2320 1278 certe
2363 1225 2405 1277 si
2459 1231 2569 1293 quis

230 1306 295 1357 ad
325 1306 538 1372 reliquas
574 1311 707 1357 artes
740 1311 989 1374 respiciat.
1058 1300 1284 1367 Musicus
1317 1311 1444 1358 enim
1478 1310 1574 1370 vir,
1609 1309 1776 1373 inquit,
1813 1307 1968 1373 lyram
2003 1313 2295 1373 temperans,
2333 1309 2380 1355 iu
2402 1310 2569 1358 intend

234 1391 377 1439 sione
413 1391 464 1438 et
502 1380 794 1439 remissione
828 1389 1119 1440 chordarum
1161 1382 1389 1439 musicum
1430 1390 1586 1440 virum
1630 1398 1936 1453 exsuperare
1976 1402 2074 1437 non
2118 1387 2244 1450 vult,
2297 1398 2457 1453 neque
2492 1388 2572 1438 'di-⁶

236 1486 384 1535 gnum
414 1473 568 1534 putat,
604 1474 658 1518 ut
692 1469 783 1519 illo
817 1470 930 1535 plus
964 1477 1269 1534 assequatur.
1336 1468 1606 1535 Expertem
1637 1474 1796 1518 antem
1832 1471 2045 1519 musices
2079 1477 2315 1534 superare
2358 1471 2573 1519 musicus

234 1552 384 1616 cupit.
451 1550 574 1602 Item
610 1551 844 1601 medicus.
909 1551 1078 1601 Bonus
1108 1554 1256 1618 igitur
1290 1555 1341 1601 et
1376 1552 1574 1617 sapiens
1608 1564 1704 1598 nou
1739 1549 1850 1599 vult
1882 1548 1993 1615 plus
2027 1544 2121 1598 sibi
2145 1559 2286 1615 quam
2317 1551 2392 1599 sui
2431 1552 2570 1600 simi-·

232 1632 294 1680 lis
330 1632 617 1683 vindicare:
663 1633 776 1698 plus
812 1637 971 1682 tamen
1012 1649 1152 1698 quam
1198 1629 1446 1680 dissimilis
1493 1635 1543 1679 et
1587 1631 1876 1679 contrarius.
1941 1626 1988 1677 Ε
2034 1634 2281 1679 contrario
2316 1631 2472 1680 malus
2511 1633 2565 1682 et

233 1714 463 1763 indoctus
498 1720 594 1762 tam
630 1714 777 1761 simili
811 1730 950 1779 quam
982 1713 1202 1761 dissimili
1237 1711 1330 1759 sibi
1365 1711 1477 1776 plus
1509 1713 1724 1775 arrogat.
1774 1708 1965 1758 Eadem
1998 1712 2124 1758 ratio
2155 1717 2233 1761 est
2259 1712 2383 1776 justi
2418 1718 2469 1761 et
2493 1714 2572 1761 ine-

230 1796 367 1858 justi.
436 1793 613 1842 Justus
648 1795 774 1842 enim
809 1794 1028 1841 dissimili
1063 1795 1093 1840 i.
1130 1807 1172 1841 e.
1209 1793 1392 1855 injusto
1426 1791 1537 1856 plus
1573 1790 1755 1839 habere
1788 1793 1939 1856 cupit,
1986 1805 2082 1838 non
2115 1791 2226 1856 plus
2262 1792 2423 1851 simili,
2462 1794 2495 1841 i.
2528 1809 2573 1844 ei

226 1877 391 1940 ..justm
448 1874 660 1938 injustus
708 1878 867 1922 autem
913 1873 1053 1921 simili
1100 1878 1150 1923 et
1195 1874 1416 1923 dissimili
1450 1875 1481 1921 i.
1518 1889 1561 1924 ea
1595 1874 1779 1938 injusto
1812 1879 1863 1923 et
1890 1875 2029 1937 justo
2063 1873 2174 1939 plus
2204 1873 2388 1925 habere
2424 1877 2573 1941 cupit-

237 1955 321 2005 Ex
356 1954 433 2004 his
468 1953 722 2004 concludit
758 1953 1028 2017 Socrates,
1058 1955 1244 2020 Justum
1279 1968 1393 2005 esse
1428 1952 1605 2005 bonum
1640 1958 1691 2004 et
1724 1956 2008 2021 sapientem,
2043 1955 2272 2020 injustum
2303 1958 2464 2005 autem
2492 1956 2571 2004 ιιι-ι

234 2036 429 2087 doctum
465 2040 517 2085 et
552 2035 747 2084 malum:
783 2036 811 2082 ὁ
845 2036 932 2098 μὲν
968 2034 1069 2098 ἄρα
1105 2031 1298 2091 δίκαιος
1334 2036 1447 2098 ἡμῖν
1481 2030 1837 2099 ἀποπέφανται
1872 2029 1935 2083 ὧν
1963 2035 2156 2097 ἀγαθός
2189 2052 2244 2082 τε
2280 2034 2364 2083 καὶ
2398 2039 2573 2102 σοφός,

235 2122 262 2167 ὁ
296 2116 349 2167 δὲ
379 2113 551 2174 ἄδικος
588 2119 790 2181 ἀμαθής
821 2137 877 2167 τε
912 2118 998 2166 καὶ
1034 2119 1199 2175 κακός,
1251 2134 1298 2184 p.
1345 2117 1458 2166 350.
1537 2115 1761 2166 Tandem
1810 2115 2052 2166 Socrates
2098 2122 2334 2166 monstrat
2391 2122 2571 2166 tantum

236 2200 430 2261 abesse,
480 2206 534 2249 ut
566 2201 776 2265 injustus
811 2200 1007 2251 validus
1052 2206 1131 2264 sit,
1182 2207 1234 2251 ut
1268 2201 1333 2248 sit
1368 2212 1507 2264 quam
1541 2199 1749 2249 maxime
1783 2197 2012 2247 infirmus.
2086 2197 2378 2250 Seditiones
2426 2201 2569 2261 euim,

235 2283 525 2343 inimicitias,
562 2284 905 2333 contentiones
936 2283 1173 2348 injustitia
1206 2286 1358 2351 parit:
1408 2271 1604 2349 justi'tia
1648 2289 1808 2336 autem
1855 2283 2171 2336 concordiam
2213 2289 2264 2336 et
2298 2287 2569 2337 amicitiam

237 2360 404 2420 Quare
438 2364 650 2427 injustus
686 2370 764 2414 est
797 2364 990 2427 infeliX‚
1019 2367 1186 2430 justus
1221 2360 1346 2417 felix
1378 2365 1729 2435 judicandus„

368 2460 512 2510 Haec
546 2461 652 2511 fere
686 2464 917 2528 ineprimo
953 2461 1017 2511 de
1049 2457 1324 2529 Republica
1358 2464 1484 2514 libro
1520 2464 1584 2515 de
1612 2465 1805 2530 justitia
1841 2464 2164 2514 continentur.
2237 2455 2428 2513 Contra
2461 2463 2571 2512 Po·-

234 2535 532 2590 lemarchum
566 2542 808 2593 Socrates
843 2545 1117 2606 contendit,
1152 2547 1246 2595 sibi
1281 2563 1378 2596 non
1415 2545 1647 2597 sufficere
1675 2547 1916 2610 justitiam
1951 2545 2015 2595 ad
2044 2550 2190 2610 pacta
2224 2543 2460 2608 quaedam
2487 2561 2571 2595 re·-

238 2618 391 2673 ferret
422 2623 661 2687 justitiam
694 2641 792 2675 non
819 2626 1037 2692 pendere
1071 2627 1131 2677 ab
1167 2628 1442 2679 actionibus
1467 2626 1889 2686 antecedentibus,
1920 2615 2013 2676 sed
2048 2640 2178 2683 esse,
2213 2629 2267 2674 ut
2287 2627 2368 2675 ‘ita
2394 2624 2575 2688 dicam,

238 2706 509 2770 principale
545 2706 857 2769 quiddam.·³“)
926 2707 1046 2759 Nec
1090 2709 1298 2772 referre,
1348 2712 1600 2760 amicusne
1647 2711 1805 2758 sitan
1841 2709 2078 2767 inimicus,
2134 2707 2183 2752 in
2234 2721 2372 2769 quem
2410 2707 2578 2769 justus

323 2852 368 2904 *)
414 2854 734 2900 Schleiermach.
765 2858 819 2901 ad
846 2874 888 2914 p.
920 2860 1033 2901 551·
1076 2852 1273 2901 Coimus
1319 2854 1416 2906 fucbt
1446 2854 1503 2900 bie
1533 2851 1785 2908 §Borstellunq
1815 2855 1895 2897 nuo
1927 2853 2008 2896 bem
2040 2848 2161 2905 {Rege
2191 2861 2235 2903 gu
2280 2851 2457 2902 rfiumen,
2503 2850 2577 2902 rufi

418 2922 762 2979 bieOEetecbthfeit
793 2924 905 2979 burel)
936 2924 1371 2982 {rubere-banblungen
1402 2924 1555 2981 hebingt
1584 2924 1659 2977 sein
1690 2923 1818 2978 ιιιίιῐῐτ,
1850 2924 1929 2968 unb
1960 2923 2083 2971 nicbtss
2108 2921 2415 2978 ursprimglicbee
2435 2921 2493 2976 fei,
2525 2926 2578 2967 cf.

415 2999 586 3056 Epicur.
618 3016 683 3056 ap.
704 3002 883 3056 Diogen
914 3002 1051 3045 Laert
1070 3002 1135 3057 X
1161 3001 1274 3045 1:50
1303 2996 1365 3046 τὸ
1412 2999 1498 3053 τῆς
1543 3000 1737 3061 φύσεως
1784 2991 1978 3045 δίκαιόν
2029 2998 2138 3045 ἐστι
2192 2993 2444 3059 σύμβολον
2482 2996 2578 3041 τοῦ
