2824 3489
1274 75 1595 123 ,ει-13..-

267 212 422 281 peret.
492 207 617 258 Utut
648 206 753 257 *hoc
786 204 927 267 tacit,
955 207 1121 271 justus
1149 210 1241 257 est.
1308 204 1566 255 Audacter
1600 204 1723 255 dicit
1761 201 1999 254 Callicles
2033 220 2080 271 p.
2112 203 2226 263 492,
2261 211 2490 270 oportere
2523 206 2587 255 il·-

266 290 364 340 lum
415 292 497 354 qui
530 293 670 338 recte
703 289 857 336 vitam
894 292 1091 337 acturus
1141 290 1221 350 sit,
1269 293 1549 355 permittere
1584 291 1876 357 cupiditates
1922 306 2035 339 suas
2067 305 2371 356 summopere
2404 293 2596 358 augeri,

269 386 429 437 neque
462 386 550 422 eas
582 369 687 419 ullo
720 370 869 426 modo
904 369 1167 421 cohibet-ez
1217 377 1362 436 atque
1391 372 1467 421 his
1511 388 1648 437 quam
1683 375 1904 421 maximis
1941 372 2173 437 quidquid
2208 376 2377 437 petant
2410 373 2590 421 submi-

266 455 478 504 nistrare
525 452 588 500 ob
634 447 967 501 fortitudinem
1012 457 1159 515 atque
1198 455 1503 518 prudentiam
1544 460 1595 504 et
1640 454 1899 518 quemlibet
1932 469 2092 502 earum
2128 454 2354 502 affectum
2389 468 2588 518 prorsus

266 533 497 599 explere:
560 530 657 579 hoc
684 547 799 581 esse
833 538 1003 579 natura
1037 534 1286 598 pulchrum
1322 541 1372 583 et
1399 537 1612 600 justumx
1662 536 1801 580 τοῦτ’
1839 535 1950 581 ἐστὶ
1983 536 2044 581 τὸ
2079 536 2211 581 κατὰ
2246 538 2403 597 φύσιν
2442 535 2594 580 καλὸν

268 616 356 669 καὶ
391 611 585 662 δίκαιον
613 611 700 671 ,ὅτι
735 609 811 659 δεῖ
837 614 927 660 τὸν
962 617 1120 681 ὀρθῶς
1150 616 1445 681 βιωσόμενον
1478 617 1569 669 τὰς
1617 617 1704 677 μὲν
1738 617 2008 679 ἐπιθυμίας
2054 617 2145 670 τὰς
2184 617 2378 661 ἑαυτοῦ
2406 617 2497 661 ἐᾶν
2535 616 2593 669 ὡς

267 696 507 759 μεγίστας
538 693 666 742 εἶναι
699 713 741 742 κ.
777 712 825 741 τ.
862 697 906 746 λ.
967 696 1047 745 Eo
1082 697 1408 762 impudentiae
1441 696 1682 761 procedit,
1717 702 1890 746 utnon
1927 698 2185 747 erubescat
2215 696 2470 758 affirmare,
2506 695 2587 744 lu-

264 777 468 838 xuriam,
502 778 932 842 intemperantiam,
967 793 1106 828 omne
1143 794 1301 844 genus
1334 777 1595 837 licentiam,
1633 777 1889 828 dummodo
1922 779 2130 828 facultas
2174 784 2412 844 suppetat,
2472 793 2586 827 esse

265 859 497 911 virtutem
532 862 595 909 et.
617 858 923 909 felicitatem:
957 877 1082 925 quae
1116 865 1273 908 autem
1311 858 1440 924 apud
1471 859 1652 925 vulgus
1684 876 1774 925 pro
1811 859 1951 909 bonis
1980 866 2030 909 et
2049 858 2271 908 honestis
2299 857 2583 919 habeantur,

264 952 343 1000 ea,
376 942 575 1005 praeter
608 945 821 990 naturam
856 944 1073 1002 inventa,
1114 939 1351 990 hominum
1395 956 1507 990 esse
1541 939 1857 994 deliramenta
1896 946 1946 990 et
1979 958 2135 1007 nugas
2167 941 2362 1006 penitus
2401 946 2576 989 conte-

264 1020 521 1078 mnendas3
550 1022 717 1085 τρυφὴ
748 1021 835 1068 καὶ
860 1021 1115 1068 ἀκολασία
1138 1020 1223 1068 καὶ
1248 1021 1525 1084 ἐλευθερία,
1563 1021 1648 1067 ἐὰν
1671 1021 1958 1086 ἐπικουρίαν
1986 1021 2095 1087 ἔχῃ,
2131 1009 2269 1067 τοῦτ’
2308 1019 2445 1065 ἐστὶν
2478 1020 2584 1082 ἀρε-

267 1102 330 1155 τή
363 1118 418 1148 τε
455 1101 541 1148 καὶ
577 1099 886 1164 εὐδαιμονία.
955 1103 1097 1152 Hanc
1134 1101 1361 1152 Calliclis
1396 1101 1663 1150 doctrinam
1702 1100 1942 1150 Socrates
1970 1104 2176 1167 egregie
2208 1101 2394 1155 refellit
2424 1100 2581 1148 subti-

263 1182 376 1232 liori
411 1183 755 1249 disputatione,
791 1200 929 1250 quam
951 1183 1047 1235 hoc
1084 1185 1200 1235 loco
1231 1185 1507 1234 accuratius
1543 1182 1812 1249 explanare
1840 1183 2035 1250 longum
2063 1189 2154 1233 est.
2193 1182 2425 1232 Sufficiat
2444 1198 2581 1232 com-

249 1280 549 1323 memorare,
598 1264 859 1315 Socratem
892 1268 1153 1330 inquirere,
1211 1265 1325 1332 quid
1359 1266 1567 1321 intersit
1595 1266 1722 1313 inter
1750 1265 2017 1328 jucundum
2048 1266 2135 1325 (τὸ
2171 1260 2289 1324 ἡδυῇ
2326 1270 2376 1319 et
2410 1264 2585 1316 honum

262 1346 350 1407 (τὸ
388 1346 629 1407 dyaeo'vJ:
659 1346 899 1410 jucund0,
934 1348 1024 1395 nisi
1060 1346 1269 1396 accedat
1302 1345 1492 1407 bonum,
1527 1344 1704 1394 homini
1738 1361 1836 1395 non
1868 1347 2152 1396 felicitatem
2186 1347 2360 1412 parari.
2423 1343 2583 1394 Calli-

262 1425 388 1476 clem
424 1428 573 1492 igitur
607 1442 788 1488 errare,
829 1428 871 1482 si
907 1441 1014 1483 eum
1049 1426 1315 1484 contendat
1344 1442 1458 1485 esse
1496 1427 1711 1489 felicem,
1762 1430 1841 1500 qui
1885 1427 2103 1484 omnibus
2150 1428 2250 1480 suis
2301 1425 2583 1481 libidinibus

259 1506 547 1558 satisfaciat,

390 1604 611 1655 Eandem
647 1605 769 1668 fere,
807 1623 944 1671 quam
979 1603 1235 1667 Callicles,
1270 1607 1495 1671 proponit
1529 1604 1927 1669 Thrasymachus
1966 1609 2249 1656 sententiam
2289 1607 2402 1656 inde
2436 1606 2496 1655 ab
2532 1623 2578 1670 p,

256 1685 371 1737 338.
438 1686 526 1738 Ad
561 1705 700 1753 quem
734 1686 1056 1738 refellendum
1093 1685 1334 1738 Socrates
1367 1685 1511 1735 talem
1545 1687 1634 1736 init
1666 1689 1917 1737 rationem.
1986 1687 2139 1747 Quum
2187 1690 2311 1738 enim
2348 1687 2578 1753 Thrasy-

258 1770 457 1821 machus
493 1771 823 1830 contenderit,
858 1770 909 1819 id
943 1770 1127 1827 facere,
1165 1768 1295 1833 quod
1328 1774 1556 1834 potentes
1588 1772 1987 1839 imperitaverint,
2021 1786 2133 1819 esse
2160 1772 2366 1833 justum3
2401 1776 2581 1835 poten-

256 1858 333 1902 tes
367 1858 526 1902 autem
561 1856 853 1918 imperantes
886 1869 1004 1903 suae
1034 1854 1248 1916 ipsorum
1282 1851 1477 1900 utilitati
1512 1856 1829 1918 prospicere:
1860 1851 2100 1902 Socrates
2133 1859 2314 1913 monet,
2347 1859 2576 1918 potentes

255 1949 593 1998 nonnunquam
628 1924 810 1996 errare,
845 1936 912 1983 ita
945 1938 999 1982 ut
1028 1922 1160 1997 quod
1194 1934 1312 1998 ipsis
1342 1949 1440 1982 non
1468 1935 1533 1981 sit
1564 1933 1685 1983 utile
1719 1936 1980 2000 imperent,
2015 1935 2252 1983 interdum
2287 1937 2436 2000 igitur
2470 1935 2576 1983 fieri

258 2030 424 2081 posse,
458 2020 512 2063 ut
540 2016 727 2078 justum
762 2018 825 2064 sit
856 2015 908 2064 id
942 2016 1072 2078 quod
1108 2015 1463 2080 potentioribus
1497 2016 1667 2064 inutile
1699 2018 1762 2063 sit
1796 2015 1982 2076 facere,
2017 2016 2212 2064 scilicet
2246 2018 2288 2062 si
2317 2018 2510 2078 justitia
2529 2018 2576 2063 in

256 2087 318 2147 eo
371 2095 600 2162 ponenda
639 2098 718 2157 sit,
768 2100 822 2143 ut
854 2095 1201 2146 imbecilliores
1238 2111 1430 2162 semper
1473 2095 1524 2144 id
1565 2094 1765 2156 faciant,
1813 2097 1942 2161 quod
1975 2099 2279 2162 potentiores
2312 2098 2573 2162 imperent:

254 2181 314 2224 οὐ
349 2170 498 2240 μόνον
532 2175 634 2238 ἄρα
670 2173 863 2225 δίκαιόν
896 2180 1008 2224 ἐστι
1040 2178 1100 2224 τὸ
1134 2180 1233 2224 τοῦ
1264 2178 1541 2245 κρείττονος
1578 2177 1824 2243 ξυμφέρον
1854 2184 2026 2239 ποιεῖν,
2081 2179 2212 2225 ἀλλὰ
2250 2178 2336 2225 καὶ
2367 2181 2574 2225 τούναν-

251 2261 361 2308 τίον
392 2260 453 2307 τὸ
493 2260 558 2322 μὴ
595 2258 851 2325 ξυμφέρον,
925 2256 1115 2308 Contra
1149 2259 1276 2326 quod
1299 2249 1465 2325 quum.
1488 2258 1889 2325 Thrasymachus
1923 2265 2072 2326 neget
2105 2275 2382 2325 quemquam
2423 2274 2571 2324 supe-

251 2344 444 2405 riorem,
481 2342 590 2393 dum
627 2343 851 2410 superior
884 2343 963 2404 sit,
1000 2356 1165 2391 errare
1197 2357 1362 2408 posse,
1399 2346 1481 2390 aut
1515 2356 1637 2404 eum,
1689 2344 1769 2408 qui
1799 2347 1945 2403 erret,
1980 2345 2277 2409 superiorem
2300 2340 2568 2407 ‘appellan-

250 2426 358 2474 dum
395 2439 532 2475 esse:
601 2423 840 2474 Socrates
891 2422 1124 2478 ostendit,
1176 2424 1226 2477 in
1273 2436 1560 2486 quacunque
1592 2426 1698 2471 arte
1732 2437 1838 2471 eum
1874 2425 1952 2486 qui
1986 2429 2136 2472 artem
2171 2427 2425 2483 exerceat,
2473 2437 2568 2469 non

250 2522 382 2555 suam
412 2508 593 2572 ipsiuS,
629 2505 721 2555 sed
756 2506 883 2570 ejus,
911 2504 976 2554 ad
1012 2519 1150 2569 quem
1184 2508 1336 2553 artem
1372 2503 1621 2565 adhibeat,
1664 2503 1914 2553 utilitatem
1946 2510 2141 2570 petere:
2178 2504 2381 2554 eandem
2414 2506 2567 2553 ratio-

250 2603 359 2636 nem
391 2584 725 2637 esse‘dcbcre
755 2571 894 2651 ejus,
929 2588 1008 2650 qui
1042 2588 1090 2633 in
1125 2585 1378 2650 republica
1412 2587 1638 2660 imperet:
1676 2588 1858 2631 οὐκοῦν
1892 2582 1997 2632 οὐδ’
2032 2583 2185 2639 ἄλλος
2216 2581 2376 2638 οὐδεὶς
2407 2588 2463 2630 ἐν
2485 2587 2569 2629 οὐ-

248 2665 399 2730 δεμιᾷ
417 2669 564 2733 ἀρχῇ,
598 2669 709 2714 καθ’
738 2666 859 2715 ὅσον
883 2666 1046 2730 ἄρχων
1071 2666 1198 2722 ἐστί,
1234 2666 1296 2711 τὸ
1330 2668 1464 2727 αὐτῷ
1502 2664 1746 2728 ξυμφέρον
1774 2669 1965 2720 σκοπεῖ,
2001 2680 2047 2729 p.
2071 2664 2184 2712 342.
2233 2662 2377 2721 Quod
2403 2662 2570 2711 Thra-

218 2748 507 2814 *symachus
542 2764 743 2813 prorsus
777 2754 953 2815 negat:
991 2747 1252 2798 Socratem
1283 2746 1518 2795 stultitiae
1552 2750 1769 2795 accusat.
1836 2745 1904 2795 Ut
1943 2750 2112 2811 pastor
2144 2759 2269 2794 oves
2309 2744 2567 2815 pinguefa-

246 2830 346 2877 ciat
373 2844 469 2878 non
505 2831 685 2889 ovium,
721 2830 812 2880 sed
847 2844 966 2878 suae
1000 2829 1154 2894 ipsius
1183 2831 1328 2890 atque
1364 2824 1543 2874 domini
1578 2824 1798 2873 utilitatis
1827 2840 2001 2874 causa:
2036 2827 2109 2874 sic
2139 2826 2463 2889 potentiorem
2484 2840 2566 2873 re-

246 2909 446 2974 gnando
481 2910 573 2959 sibi
610 2912 701 2977 ipsi
738 2910 1015 2960 consulere.
1081 2907 1252 2971 Atque
1282 2906 1466 2970 justum
1513 2906 1581 2953 ita
1622 2910 1943 2971 comparatum
1985 2921 2114 2967 esse,
2167 2911 2221 2954 ut
2262 2905 2469 2959 alienum
2502 2907 2566 2955 sit

244 3004 424 3040 revera
469 2990 663 3055 bonum,
710 2993 1003 3059 potentioris
1048 2996 1101 3041 et
1152 2989 1429 3060 imperantis
1464 2988 1846 3051 emolumentum,
1881 2987 2217 3041 detrimentum
2251 2993 2408 3039 autem
2445 3002 2565 3060 pro-

2655 0 2824 135 Χ
