2824 3489
1241 89 1566 136 ,11-

244 229 389 280 animi
421 220 490 274 'ita
523 229 655 273 esse·
671 225 996 287 comparatam
1029 218 1260 279 ostendit,
1294 222 1348 267 ut
1378 222 1480 267 tres
1512 220 1561 266 in
1596 231 1659 267 eo
1686 218 1896 267 virtutes
1931 218 2207 276 cernantur,
2246 230 2368 279 quae
2400 212 2469 266 ita
2487 218 2566 266 iu-

246 316 325 361 ter
354 322 412 358 se
445 304 759 362 cohaereant,
792 306 848 351 ut
878 298 1036 350 altera
1066 296 1127 347 ab
1156 296 1313 348 altera
1339 298 1496 348 dirimi
1530 303 1757 362 nequeat.
1820 297 1991 361 Atque
2020 312 2128 346 cum
2158 298 2329 344 iisdem
2359 300 2568 362 conjun-

246 395 371 441 ctam
418 399 532 439 esse
570 384 825 447 jastitiam.
893 379 1003 432 Sed
1047 378 1315 442 videamus,
1363 378 1536 443 quibus
1577 378 1761 429 artibus
1797 377 1944 427 Plato
1995 378 2058 427 ad
2105 379 2233 428 hanc
2283 383 2569 429 sententiam

246 465 621 522 confirmandam
654 480 717 515 ac
748 462 1153 530 comprobandam
1187 479 1303 513 usus
1336 464 1417 511 sit.

379 577 461 633 Ac
491 579 691 647 'primum
725 578 917 644 quidem
950 580 1103 645 primo
1140 576 1203 628 de
1239 577 1362 645 Rep.
1404 578 1534 629 libro
1568 578 1735 646 plures
1764 579 1990 643 justitiae
2027 577 2337 628 definitiones
2381 593 2413 625 a
2446 573 2571 626 Pla-

247 671 366 716 tone
389 666 747 728 impugnantur,
784 661 965 711 deinde
995 653 1120 711 libro
1145 665 1335 723 quarto,
1372 658 1489 723 quid
1523 661 1617 725 ipsi
1653 658 1717 708 de
1741 660 1937 722 justitia
1961 658 2203 718 videatur,
2236 657 2422 723 diserte
2451 671 2570 722 pro-

249 747 505 795 nuntiatur.
573 741 655 792 Ac
689 744 888 808 primum
924 740 1113 805 quidem
1158 739 1285 790 hanc
1317 740 1542 804 justitiae
1585 738 1916 788 definitionem
1957 728 2245 794 in'xenhnus,
2293 737 2416 802 Rep.
2453 736 2491 786 l.
2526 752 2572 803 p.

242 819 368 877 :3312
413 819 660 874 Justitiam
696 835 810 873 esse
847 828 898 873 et
931 839 1098 874 verum
1128 823 1298 873 dicere
1332 827 1383 871 et
1417 833 1543 885 quae
1577 822 1684 885 quis
1737 815 1987 886 acceperit
2035 818 2267 869 reddere:
2321 819 2486 872 ἀληθῆ
2518 837 2573 865 τε

242 901 403 969 λέγειν
437 901 525 953 καὶ
559 893 593 950 ἃ
613 900 677 952 ἂν
708 900 835 972 λάβῃ
852 923 928 960 τις
958 899 1268 951 ἀποδιδόναι.
1338 902 1484 952 Hanc
1513 903 1737 967 justitiae
1773 901 2116 961 definitionem,
2153 915 2290 965 quam
2324 898 2384 948 ab
2413 898 2574 963 aliqua

248 992 390 1038 secta
422 979 761 1053 ‘philosophica
795 984 1024 1034 Platonis
1058 991 1292 1052 tempore,
1329 987 1565 1035 incertum
1600 989 1692 1043 est,
1728 1000 1757 1033 a
1791 994 1902 1048 qua,
1938 983 2174 1049 prolatam
2226 996 2340 1032 esse
2370 981 2572 1046 judica-

251 1079 372 1131 mus,
406 1064 471 1117 cf.
500 1066 885 1118 Schleiermach.
918 1067 982 1118 ad
1015 1067 1062 1117 h.
1086 1068 1134 1130 l.,
1168 1067 1412 1118 Socrates
1444 1068 1514 1125 ita
1548 1068 1813 1132 impugnat,
1846 1069 1898 1113 ut
1934 1063 2066 1133 dicat
2101 1078 2435 1127 nonnunquam
2470 1064 2574 1113 fieri

249 1161 416 1218 posse,
450 1155 504 1198 ut
537 1159 634 1197 11011
666 1150 847 1212 justum
882 1151 947 1198 sit
979 1159 1148 1200 verum
1184 1149 1356 1199 dicere
1402 1155 1548 1213 atque
1587 1148 1862 1213 depositum
1908 1146 2136 1196 reddere.
2207 1145 2266 1196 Si
2307 1148 2414 1209 quis
2451 1148 2574 1196 enim

249 1232 321 1281 ’ab‘
348 1231 504 1279 amico
540 1239 690 1277 sanae
716 1230 890 1278 mentis
923 1240 1054 1277 arma
1083 1231 1347 1295 acceperit,
1387 1229 1611 1293 idemque
1645 1234 1808 1283 mente
1844 1234 2017 1294 captus
2051 1233 2258 1293 repetat,
2294 1244 2388 1276 non
2425 1243 2575 1292 opor-

250 1320 357 1362 tere
392 1322 452 1360 ea
482 1309 640 1371 reddi,
683 1319 842 1374 neque
870 1311 1053 1374 justum
1103 1327 1217 1361 esse
1251 1324 1355 1360 eum
1393 1315 1472 1375 qui
1506 1311 1697 1372 reddat,
1750 1310 1836 1360 vel
1880 1327 2048 1359 rursus
2083 1308 2262 1357 homiui
2297 1311 2364 1356 ita
2394 1308 2573 1358 affecto

257 1402 381 1442 vera
413 1393 574 1440 o'mnia
607 1391 754 1441 dicat.
819 1389 930 1441 Sed
961 1397 1134 1441 contra
1167 1386 1519 1442 Polemarchus
1557 1392 1622 1441 ad
1653 1391 1956 1442 Simonidem
1993 1388 2148 1440 Ceum
2184 1397 2440 1456 provocat,
2481 1405 2574 1456 po·

257 1477 387 1522 etam
419 1462 813 1532 celeberrimum,
849 1470 1098 1537 Sophistis
1110 1473 1181 1522 'id
1225 1476 1455 1538 temporit
1492 1475 1701 1538 egregie
1733 1471 2070 1539 probatum*)‚
2113 1474 2193 1535 qui
2240 1472 2437 1532 dixerit,
2491 1473 2577 1535 ju-

245 1557 372 1601 stum
406 1562 520 1601 'esse
555 1550 767 1600 debitum
800 1554 1059 1616 unicuique
1103 1553 1331 1615 reddere,
1369 1552 1432 1601 τὸ
1476 1553 1545 1599 τὰ
1590 1553 1886 1617 ὀφειλόμενα
1937 1554 2126 1616 ἑκάστῳ
2165 1545 2460 1599 ἀποδιδόναι
2503 1549 2575 1598 δι’·

252 1632 396 1681 καιόν
428 1634 579 1679 ἐστιν.
642 1631 754 1681 Jam
786 1635 1008 1698 sequitur
1042 1634 1236 1699 longior
1281 1633 1346 1682 de
1390 1632 1484 1682 hac
1523 1632 1795 1682 Simonidis
1832 1634 2111 1684 defiuitione
2154 1634 2416 1701 disputatio
2449 1637 2574 1684 inter

249 1713 510 1763 Socratem
546 1718 597 1761 et
629 1713 1017 1763 Polemarchum.
1085 1713 1169 1764 Ac
1201 1718 1399 1782 primum
1435 1715 1628 1780 quidem
1663 1716 2021 1765 Polemarclius
2052 1724 2236 1780 censet,
2273 1717 2573 1768 Simonidem

250 1796 423 1846 dicere
455 1797 693 1858 voluisse,
746 1800 915 1847 amicis
959 1800 1144 1848 amicos
1177 1798 1361 1848 debere
1395 1785 1571 1848 bonum
1608 1795 1797 1856 facere,
1833 1799 2037 1847 inimicis
2071 1804 2229 1847 autem
2266 1814 2380 1848 esse
2404 1799 2574 1846 malum

247 1873 572 1929 inferendum:
621 1878 804 1942 justum
846 1880 995 1944 igitur
1040 1893 1155 1929 esse
1206 1879 1421 1928 tribuere
1460 1877 1591 1943 quod
1640 1880 1897 1943 unicuique
1942 1881 2221 1931 conveniat.
2289 1878 2572 1930 Secundum

251 1961 346 2010 hoc
376 1966 551 2020 autem,
586 1962 655 2008 ait
691 1959 949 2019 Socrates,
1002 1962 1242 2024 justitiam
1277 1962 1325 2009 iu
1361 1975 1422 2010 eo
1457 1961 1666 2020 versari,
1701 1965 1755 2008 ut
1789 1962 1956 2009 amicis
1989 1961 2189 2022 utilitaS,
2224 1958 2443 2009 damnum
2479 1964 2573 2009 iui-

249 2043 386 2092 micis
421 2041 663 2092 afferatur.
733 2040 891 2102 Quum
923 2048 1079 2093 autem
1114 2044 1332 2108 aegrotis
1365 2040 1604 2092 medicina
1637 2043 1843 2091 maxime
1870 2044 2040 2107 prosit,
2076 2045 2122 2090 in
2155 2045 2272 2090 mari
2303 2049 2569 2109 tempesta-

246 2122 376 2173 tibus
413 2125 665 2188 exagitato
700 2123 1046 2190 navigantibus
1081 2124 1393 2190 gubernator,
1430 2123 1672 2173 Socrates
1704 2118 2077 2172 Polemarchum
2120 2126 2258 2188 cogit
2293 2119 2454 2185 fateri,
2484 2126 2571 2187 ju-

245 2210 372 2253 stum
399 2204 640 2270 prodesse
663 2206 712 2252 iu
744 2205 1070 2272 impugnando
1105 2212 1156 2255 et
1177 2202 1547 2272 propugnandO,
1584 2202 1634 2250 ἐν
1663 2205 1736 2266 τῷ
1766 2204 2126 2268 προσπολεμεῖν
2159 2202 2244 2251 καὶ
2274 2203 2323 2251 ἐν
2353 2208 2423 2268 τῷ
2453 2205 2567 2266 ξυμ,-

249 2291 444 2348 μαχεῖνῑ
513 2281 570 2333 In
604 2300 731 2351 pace
776 2292 935 2335 autem
963 2288 1200 2350 justitiam
1249 2289 1512 2353 praecipue
1556 2286 1722 2335 utilem
1758 2300 1870 2336 esse
1905 2285 1969 2335 ad
2004 2287 2308 2345 commercia,
2354 2285 2474 2352 πρὸς
2507 2287 2571 2334 τὰ

246 2366 543 2435 ξυμβόλαια,
596 2373 742 2432 atque
775 2368 990 2435 inprimis
1027 2368 1090 2419 ad
1126 2367 1443 2435 deponendas
1476 2368 1727 2435 pecunias,
1773 2365 1816 2416 si
1864 2369 1970 2432 quis
2007 2382 2092 2417 eas
2127 2365 2294 2417 salvas
2329 2383 2441 2418 esse
2477 2385 2567 2418 cu-

246 2448 370 2520 plat:
435 2445 521 2497 Ad
551 2448 675 2498 haec
710 2449 953 2500 Socrates
983 2450 1264 2515 respondet,
1293 2450 1475 2514 justum
1503 2464 1616 2499 esse
1649 2463 1745 2498 uon
1780 2463 1929 2514 posse
1965 2464 2088 2507 eum,
2140 2450 2220 2511 qui
2255 2448 2373 2497 nihil
2423 2449 2573 2499 faciat

251 2528 344 2574 nisi
378 2532 430 2576 ut
462 2543 564 2577 rem
598 2529 805 2593 aliquam
836 2535 1023 2592 servet,
1058 2529 1103 2578 h.
1140 2544 1184 2578 e.
1221 2544 1325 2578 eam
1359 2534 1545 2592 servet,
1582 2530 1775 2594 quando
1806 2529 1966 2577 nullus
2000 2528 2129 2576 illius
2163 2545 2280 2577 usus
2313 2530 2402 2590 sit3
2438 2531 2571 2580 utilis

246 2610 372 2655 enim
407 2616 544 2659 esset
577 2611 639 2662 ad
675 2628 774 2661 rem
806 2612 1048 2672 inutilem3
1083 2613 1177 2661 imo
1213 2626 1319 2662 eum
1354 2625 1468 2661 esse
1502 2613 1574 2661 rei
1610 2612 1943 2675 cujuscunque
1978 2612 2200 2675 optimum
2236 2611 2494 2663 custodem
2524 2621 2573 2664 et

245 2695 568 2752 servatorem,
604 2694 685 2755 qui
721 2693 789 2740 ita
827 2707 932 2742 eam
966 2696 1154 2753 servet,
1200 2695 1254 2740 ut
1288 2692 1381 2757 ipsi
1413 2690 1668 2756 utilitatem
1702 2690 1889 2752 afferat,
1926 2690 2146 2740 damnum
2180 2695 2391 2742 inimico.
2458 2694 2572 2743 Jam

247 2783 371 2819 vero
405 2775 448 2818 ni
476 2772 640 2834 justus
675 2773 718 2820 is
751 2776 844 2831 est,
881 2773 961 2835 qui
995 2770 1203 2821 idoneus
1237 2778 1314 2820 est
1360 2771 1423 2821 ad
1457 2771 1664 2836 aliquam
1696 2787 1796 2821 rem
1830 2771 2123 2821 servandam
2158 2771 2246 2822 vel
2281 2774 2569 2826 custodien-

333 2914 378 2964 *)
423 2921 474 2960 cf.
507 2921 677 2975 Protag.
709 2938 748 2976 p.
779 2919 900 2970 '5593
931 2922 1064 2962 Cicer.
1096 2922 1148 2961 de
1178 2920 1270 2961 Nat.
1301 2922 1430 2961 Deor.
1459 2921 1492 2970 I,
1521 2923 1605 2962 22:
1648 2926 1915 2971 „Simonides
1960 2939 2041 2964 nou
2081 2926 2214 2965 solum
2256 2932 2378 2980 poeta
2411 2926 2571 2974 ’suavis-5

425 3005 561 3032 verum
593 2992 711 3033 etiam
742 2993 955 3046 ceteroqui
986 2992 1132 3034 doctus
1162 2992 1406 3046 sapiensque
1434 2989 1655 3034 traditur“.

2614 0 2824 163 Χ
