2824 3489
211 894 823 1012 PLA'I'ONIS
888 896 1050 985 DE
1111 894 1672 987 VIRTUTE
1732 896 2406 986 DOCTRINA.

151 1271 475 1391 Quamquam
509 1319 658 1376 Plato
693 1323 740 1376 in
772 1322 934 1378 multis
966 1322 1181 1396 dialogis
1216 1322 1280 1379 de
1311 1324 1497 1380 virtute
1530 1333 1582 1379 et
1610 1326 1659 1379 in
1689 1327 1985 1388 universum,
2020 1333 2074 1377 ut
2105 1324 2154 1377 in
2181 1321 2476 1395 Protagora,

151 1403 198 1454 in
229 1407 468 1469 Menone,
502 1410 551 1456 in
585 1408 724 1473 libris
758 1411 825 1461 de
856 1411 1146 1476 Republica,
1180 1416 1231 1459 et
1265 1408 1329 1459 de
1362 1409 1570 1475 singulis
1605 1411 1800 1459 virtutis
1832 1410 2067 1475 partibuS‚
2102 1414 2155 1457 ut
2188 1411 2238 1456 in
2268 1408 2473 1474 Euthy-

148 1484 352 1554 phrone,
386 1485 435 1537 in
472 1482 752 1551 Charmide,
796 1489 847 1540 in
881 1483 1121 1549 Lachete,
1170 1485 1378 1556 Gorgia,
1423 1486 1532 1538 aliis
1567 1486 1820 1539 disseruit:
1873 1501 2100 1554 nusquam
2141 1494 2301 1537 tamen
2343 1489 2478 1554 apud

149 1580 257 1619 eum
290 1574 472 1621 certam
504 1572 702 1621 virtutis
738 1565 1067 1621 definitionem
1100 1566 1388 1621 invenimus.
1455 1568 1566 1622 Sed
1598 1585 1694 1621 non
1729 1572 1823 1622 erit
1856 1565 2079 1632 difficile,
2113 1565 2256 1631 lociS,
2293 1565 2373 1651 qui
2412 1569 2478 1620 ad

151 1646 279 1701 hanc
311 1662 414 1700 rem
446 1656 691 1717 spectent,
725 1649 991 1719 diligenter
1017 1644 1265 1712 collectis,
1301 1653 1423 1700 satis
1456 1645 1636 1702 claram
1668 1654 1865 1703 virtutis
1886 1646 2178 1701 Platonicae
2216 1646 2474 1717 imaginem

149 1730 446 1797 depingere·
482 1745 577 1796 quo
611 1742 810 1781 munere
845 1747 943 1798 ego
972 1729 1071 1783 boc
1105 1730 1298 1798 quidem
1329 1726 1445 1783 loco
1479 1730 1549 1783 ita
1583 1733 1774 1800 fungar,
1812 1738 1867 1783 ut
1900 1748 1998 1782 non
2032 1745 2217 1794 omnes,
2253 1747 2377 1797 quae
2411 1731 2477 1783 ad

146 1806 273 1863 hauc
314 1805 581 1862 doctrinam
629 1808 896 1878 pertinent,
955 1815 1267 1879 quaestiones
1330 1810 1585 1882 attingam,
1642 1815 1736 1867 sed
1783 1809 1835 1866 id
1886 1810 2185 1881 potissimum
2220 1824 2377 1879 agam,
2420 1818 2476 1862 ut

147 1896 363 1962 primum,
396 1891 511 1959 quid
546 1890 694 1942 Plato
731 1888 957 1943 virtutem
987 1909 1102 1944 esse
1134 1891 1364 1957 voluerit,
1399 1891 1670 1960 ostendam,
1704 1890 1886 1948 deinde
1919 1897 2168 1962 inquiram,
2203 1893 2319 1960 quid
2349 1888 2475 1942 Pla-—

149 1979 254 2038 toni
286 1975 517 2027 videatur
549 1976 793 2024 interesse
826 1970 953 2023 inter
987 1980 1190 2039 quatuor
1231 1974 1344 2024 illas
1377 1972 1574 2027 virtutis
1606 1984 1790 2045 partes,
1824 1995 1946 2044 quas
1977 1981 2163 2028 vocant
2197 1970 2477 2026 cardinales

147 2057 376 2120 virtutes,
407 2052 695 2123 sapientiam
726 2052 859 2116 dico,
893 2050 1241 2118 fortitudinem,
1276 2060 1654 2123 temperantiam,
1688 2061 1942 2124 justitiam.

279 2155 364 2206 Ae
398 2157 599 2222 primum
632 2153 825 2220 quidem
859 2125 1008 2204 Psato
1042 2157 1271 2205 virtutem
1305 2159 1433 2206 omni
1467 2160 1540 2208 rei
1572 2157 1827 2220 adscribit,
1861 2154 1986 2222 quae
2006 2167 2154 2215 suum
2186 2168 2311 2222 opus
2345 2155 2473 2206 bene

148 2248 392 2288 exercere
423 2238 610 2302 possit.-
642 2237 873 2286 virtutem
904 2250 1018 2286 esse
1051 2235 1119 2298 id,
1152 2238 1299 2301 cujus
1327 2252 1425 2303 ope
1457 2251 1594 2287 suum
1627 2253 1851 2303 quaeque
1886 2253 1966 2288 res
2001 2253 2125 2303 opus
2158 2237 2288 2288 bene
2318 2238 2469 2303 perfi-

149 2320 265 2381 ciat,
294 2316 361 2368 cf.
400 2314 790 2369 Schleiermach.
830 2314 1178 2367 introduction.
1212 2318 1262 2365 in
1295 2315 1413 2368 libb.
1448 2317 1513 2369 de
1546 2314 1672 2385 Rep.
1705 2333 1754 2384 p.
1782 2317 1868 2379 23.
1933 2317 2011 2366 Ita
2052 2316 2202 2367 Plato
2235 2319 2285 2366 in
2319 2320 2474 2384 primo

145 2397 215 2449 'de
248 2396 469 2464 Republ.
490 2396 617 2448 libro
651 2402 875 2448 extremo
909 2395 1125 2461 loquitur
1157 2397 1222 2447 de
1253 2399 1453 2456 aurium,
1488 2399 1756 2461 oculorum,
1792 2396 1935 2448 animi
1960 2400 2159 2461 virtute,
2195 2404 2344 2465 atque
2366 2398 2473 2451 So·-

149 2482 313 2531 crates
333 2475 457 2544 Rep
482 2478 522 2527 Ῑ.
546 2495 594 2544 p.
623 2478 724 2529 353
754 2481 1046 2544 interrogat.
1080 2473 1155 2544 ἆρ
1191 2476 1255 2527 ἄν’
1286 2493 1409 2526 ποτε
1443 2477 1650 2542 ὄμματα
1677 2482 1740 2529 τὸ
1769 2479 1933 2529 αὐτων
1958 2478 2098 2547 ἔργον
2132 2482 2292 2536 καλῶς
2327 2483 2475 2547 άπερ

149 2559 392 2620 γάσαιντο
431 2560 498 2622 μὴ
531 2556 719 2624 ἔχοντα
761 2561 852 2616 τὴν
894 2561 1059 2607 αὐτῶν
1103 2560 1293 2608 οἰκείαν
1337 2562 1526 2627 ἀρετήν,
1564 2563 1671 2609 ἀλλ’
1705 2561 1817 2610 ἀντὶ
1848 2565 1936 2617 τῆς
1967 2560 2141 2627 ἀρετῆς
2174 2563 2378 2624 uraniam
2412 2586 2480 2603 ⁶·-

152 2642 336 2688 οὐκοῦν
369 2635 510 2687 καὶ
477 2654 581 2688 ωτα
604 2641 875 2706 στερόμενα
892 2644 980 2697 τῆς
1002 2637 1170 2689 αὐτῶν
1195 2637 1379 2739 apftv'ic
1412 2662 1571 2699 κακῶς
1602 2644 1665 2693 τὸ
1701 2640 1865 2692 αὐτῶν
1896 2640 2037 2710 ἔργον
2072 2641 2432 2712 ἀπεργάσεται,
2449 2669 2477 2685 .-.

152 2713 226 2785 ἄρ’
264 2714 355 2768 οὖν
390 2734 511 2768 ποτε
544 2717 687 2786 ’ψυχὴ
720 2719 790 2768 τὰ
823 2718 978 2776 αὐτῆς
1006 2716 1126 2787 ἔργα
1160 2717 1216 2768 εὖ
1250 2717 1585 2790 ἀπεργάσεται
1618 2725 1881 2792 στερομένη
1915 2729 2002 2781 τῆς
2047 2723 2237 2783 οικείας
2284 2728 2478 2794 ἀρετῆςς

153 2799 263 2861 Qua
295 2804 485 2853 ratione
517 2802 732 2853 nondum
762 2796 1009 2853 definitum
1043 2817 1173 2865 esse,
1223 2815 1348 2869 quae
1377 2805 1444 2853 sit
1480 2806 1718 2872 cujusque
1755 2809 1828 2857 rei
1860 2809 2035 2870 virtus,
2088 2806 2335 2860 Socrates
2363 2809 2473 2874 ipse

151 2879 358 2932 iateturz
408 2898 516 2933 nam
564 2899 705 2949 quum
741 2877 1140 2949 Thrasymachus
1176 2883 1326 2948 dicat,
1376 2883 1627 2937 oculorum
1665 2888 1894 2938 virtutem
1938 2902 2054 2940 esse
2087 2890 2248 2940 visum
2283 2885 2475 2951 (ὄψιν),
